2350 3192
320 123 359 180 6

323 241 398 291 sit:
417 247 581 306 Repente
612 237 794 308 lymphati
820 232 1012 295 (milites)
1041 234 1224 299 distrift'is

316 310 477 377 gladiis,
513 311 553 353 in
579 310 824 354 Centuriones
860 304 1091 351 invadunt:
1132 319 1225 368 pro-

309 379 464 443 stratos
488 374 715 424 verberibus
740 374 1127 439 niulcont,stxageni
1138 373 1226 437 fin-

319 447 448 513 gulos,
490 442 545 492 ut
582 462 777 491 numerum
817 444 1088 488 Centurionum
1124 441 1226 487 adae-

323 528 502 582 quarem.
575 516 723 582 Legio,
757 508 864 558 sicut
903 526 1034 576 patet,
1072 526 1120 557 ut
1156 507 1227 557 de-

325 601 424 630 cem
451 579 664 637 cohortes,
684 583 858 648 triginta
883 575 1147 646 manipulos,
1168 577 1224 626 fic

326 660 372 698 &
420 649 633 716 sexaginta
679 652 906 696 Centurias
956 646 1119 716 semper
1153 644 1227 696 ha-

325 719 433 766 buit.
493 716 579 766 111ae
601 722 646 765 in
670 716 763 766 suos
792 714 969 785 singula:
996 721 1227 764 Centurio-

327 806 401 835 nes
436 787 546 836 dum
579 784 772 843 saeviunt,
816 783 1040 853 sexagenos
1073 782 1227 832 milites

326 873 502 905 tantum
537 859 756 902 continere
798 856 958 901 Tacito
1007 852 1224 901 dicuntur.

328 930 467 993 Igitur
513 929 559 971 in
604 923 774 991 legione
818 921 1001 989 sexagies
1036 920 1229 988 sexageni

328 991 502 1049 milites,
530 991 615 1039 hoc
643 992 717 1047 est,
737 1009 942 1040 MMMDc.
974 1006 1124 1057 praeter
1139 996 1229 1039 De—

329 1080 457 1110 canos
481 1058 590 1127 ipsos
626 1068 669 1106 &
695 1061 1086 1108 contuberniorum
1113 1063 1230 1126 capi-

329 1147 388 1187 ta,
424 1134 663 1195 imperante
692 1129 886 1184 Tiberio,
926 1126 1102 1176 Christo
1140 1133 1233 1176 Ser-

331 1215 478 1246 vatore
506 1198 788 1245 incumbente
813 1201 859 1244 in
895 1201 1058 1264 generis
1085 1194 1232 1244 homi-

329 1285 441 1314 num
471 1270 802 1333 reparationem,
840 1263 933 1332 plus
955 1270 1103 1313 minus
1140 1264 1231 1314 fue-

331 1352 445 1384 runt.
518 1338 631 1383 Non
689 1336 748 1383 est
798 1338 944 1404 itaque
998 1333 1234 1384 audiendus

332 1422 516 1473 magnus
551 1409 868 1469 Hieronymus,
905 1407 984 1473 qui
1030 1401 1125 1452 libri
1163 1422 1230 1453 1v.

335 1492 429 1540 cap.
493 1490 644 1522 XXVI.
698 1478 1138 1522 Commentariorum
1188 1478 1235 1521 in

333 1540 617 1600 Matthaeum,
652 1541 707 1589 ad
747 1539 819 1588 illa
843 1541 1035 1598 Meffiae;
1069 1549 1142 1589 An
1160 1557 1236 1606 pu-

333 1624 401 1659 tas
438 1629 494 1657 me
528 1627 604 1657 non
630 1610 729 1674 pff
771 1626 874 1655 nunc
900 1611 1057 1673 precari
1081 1622 1236 1674 patrem

335 1697 473 1734 meum,
508 1680 575 1743 qui
603 1677 676 1723 huc
686 1675 807 1740 sistat
830 1677 921 1722 mihi
936 1678 1085 1740 plures,
1122 1696 1237 1742 quam

336 1748 531 1795 duodecim
560 1747 724 1812 legiones
737 1743 1010 1810 Angelorum?
1044 1751 1148 1800 Una,
1171 1749 1238 1793 in-

340 1820 452 1884 quit,
467 1816 562 1881 legio
582 1814 686 1880 apud
710 1827 867 1860 ‘veteres
886 1814 962 1878 Jex
986 1812 1152 1861 millibus
1173 1813 1240 1860 ho-

340 1888 484 1931 minum
524 1881 810 1948 complebatur.-
845 1882 890 1928 de
927 1881 1122 1929 duodecim
1150 1900 1240 1948 ergo

341 1951 550 2020 legionibus
561 1954 819 2018 septuaginta
845 1951 918 1997 duo
946 1951 1067 1998 millia
1104 1956 1241 2018 Ange-

345 2024 467 2069 lorum
481 2020 618 2084 fiunt:
653 2023 693 2066 in
740 2033 833 2086 quot
873 2033 1011 2085 gentes
1055 2019 1243 2067 hominum

347 2091 481 2156 lingua
502 2090 635 2155 divisa
664 2089 727 2153 est.
781 2091 905 2135 Nam
930 2106 1022 2155 quo
1047 2104 1245 2157 tempore

350 2158 548 2205 Servator
575 2156 746 2214 mundi,
785 2158 806 2209 ὁ
843 2156 1153 2226 oedvflgwr&
1185 2162 1246 2223 Je-

347 2225 413 2275 sus
445 2224 638 2274 Christus
675 2245 723 2274 ea
749 2225 1000 2292 proferebat,
1036 2245 1128 2274 non
1150 2222 1248 2295 plu-

349 2296 466 2344 ribus
492 2313 627 2363 quam
661 2311 872 2343 MMMDc.
909 2294 963 2343 ad
1005 2294 1245 2354 summum,

353 2381 539 2413 MMMM.
565 2362 663 2419 suit,
687 2379 736 2409 ut
760 2362 898 2410 modo
925 2363 1246 2415 declaravimus,

355 2432 439 2481 Sed
476 2451 582 2480 cum
617 2433 693 2480 ista
716 2431 907 2479 scriberet
940 2436 997 2480 D.
1031 2438 1251 2500 Hierony-

355 2520 468 2559 mus,
502 2499 809 2549 sexmillenaria
835 2499 922 2548 sine
962 2500 1097 2550 dubio
1137 2500 1251 2571 legio

356 2575 401 2618 in
427 2569 550 2619 usum
573 2569 766 2626 redierat,
793 2569 914 2638 quod
942 2586 1038 2618 tum
1068 2591 1116 2619 ex
1146 2572 1249 2629 aliis,

357 2657 455 2685 tum
483 2659 533 2686 ex
573 2637 716 2687 Flavio
743 2642 929 2707 Vegetio
960 2638 1113 2708 :equali
1144 2646 1252 2690 Divi

361 2711 623 2771 Hieronymi
645 2707 755 2756 libro
781 2725 832 2755 11.
859 2713 999 2776 capite
1028 2726 1081 2758 11.
1117 2719 1160 2758 &
1182 2728 1248 2758 vi.

360 2795 552 2825 extremo
583 2796 740 2826 notum
761 2775 980 2826 habemus,
1033 2784 1255 2828 Caeterum

602 114 1154 202 JO.RUALD1
1218 113 1879 178 ANiMADVERS.

1273 239 1551 300 Hieronymo
1581 239 1692 283 curis
1719 240 1888 285 intento
1916 236 2044 308 longe
2072 258 2166 308 gra-

1274 303 1480 361 vioribus,
1520 313 1565 352 &
1604 301 1659 352 ad
1690 302 1769 352 alia
1802 315 2046 372 properanti
2074 311 2168 360 liaec

1268 372 1484 430 excidisse,
1521 391 1601 420 nec
1638 373 1906 441 inquirendae
1929 372 2083 423 talium
2104 397 2171 426 re<-

1275 459 1374 490 rum
1402 447 1570 490 veritati
1591 441 1809 498 vacaviffe,
1847 443 2042 492 mirabile
2077 463 2169 494 non

1276 511 1363 557 est:
1399 515 1492 573 Qi
1530 510 1658 559 secuti
1694 509 1789 558 sunt
1829 516 1922 560 otio
1947 511 2177 561 abundari«

1276 595 1350 635 tes,
1391 589 1435 628 ὃς
1464 578 1745 646 amplissimos
1759 584 1804 628 in
1826 579 2017 628 eundem
2030 585 2174 630 Evan-

1276 647 1469 715 gelistam
1498 653 1850 696 Commentarios
1875 654 2006 697 etiam
2036 667 2175 718 nuper·

1277 715 1515 775 ediderunt,
1552 721 1596 764 in
1626 715 1711 763 hoc
1740 735 1810 764 eos
1835 722 1990 783 pariter
2012 737 2173 767 exerra-

1278 785 1376 832 viffe
1413 790 1558 832 minus
1598 803 1726 853 aequo
1763 785 1867 833 ferre
1887 790 1984 855 quis
2021 792 2174 836 animo

1278 853 1432 918 potest.

1348 920 1430 970 Sed
1459 939 1601 989 neque
1630 924 1709 971 isto
1737 922 1850 971 bello
1879 923 2176 972 Macedonico

1282 999 1352 1049 (eo
1374 994 1493 1038 enirn
1524 987 1762 1048 referimur,
1799 991 1914 1039 unde
1933 991 2108 1060 longius·
2131 1011 2178 1040 a-

1278 1056 1477 1127 liquanto
1500 1057 1671 1126 digreffi
1687 1058 1845 1114 sumus)
1870 1065 2066 1126 primum
2080 1079 2177 1110 om-

1279 1132 1407 1175 nium
1431 1126 1618 1194 legiones
1638 1126 1707 1177 sex
1739 1126 1928 1177 millium
1950 1127 2072 1178 scribi
2095 1129 2178 1193 jus⁴

1279 1194 1332 1245 fit
1356 1194 1545 1263 populus
1565 1202 1810 1254 Romanus,
1847 1195 1880 1245 fi
1902 1197 2068 1249 Flavius
2092 1203 2180 1248 Eu·-

1281 1270 1444 1333 tropius
1465 1264 1675 1324 audiatur,
1712 1285 1805 1336 quo
1829 1270 2002 1316 auditore
2025 1273 2066 1317 11
2088 1269 2182 1317 brea

1282 1339 1416 1393 viarii,
1453 1352 1576 1384 antea
1603 1333 1699 1403 plus
1726 1353 1874 1384 chx.
1911 1341 2032 1385 annis
2072 1353 2181 1387 eun-

1283 1403 1385 1452 dem
1405 1403 1604 1472 peditum
1631 1423 1866 1454 numerum
1884 1411 2099 1456 Romanae·
2117 1404 2181 1454 le-

1283 1478 1433 1541 giones
1470 1472 1736 1522 habuerunt:
1769 1479 1835 1521 Ex
1860 1479 2060 1532 Romanis,
2111 1480 2178 1523 in-

1284 1547 1394 1608 quit,
1430 1554 1588 1587 tantum
1611 1555 1766 1608 tyrones
1793 1541 2007 1608 leffifhnt,
2036 1544 2181 1608 faffae-

1283 1629 1355 1675 que
1379 1610 1544 1674 legiones
1569 1610 1723 1655 decem:
1760 1614 1831 1672 qui.
1848 1609 1979 1654 modus
1992 1613 2182 1676 sexagin-

1285 1689 1331 1722 ta
1356 1677 1431 1723 vel
1449 1675 1612 1741 amplius
1633 1689 1872 1722 armatorum
1898 1677 2019 1725 millia
2043 1677 2182 1743 efficie-

1286 1744 1368 1792 bat.
1404 1748 1573 1793 Decem
1598 1742 1786 1812 legiones
1806 1761 2076 1795 :irritatorum¹
2096 1745 2186 1797 sex.-

1286 1817 1432 1881 aginta
1469 1812 1606 1861 millia
1635 1812 1900 1863 efficiebant:
1937 1819 2072 1883 igitur⁴
2100 1815 2188 1865 fin«

1289 1881 1400 1950 gulae
1439 1879 1564 1930 sexies
1602 1881 1813 1932 millenos.
1884 1888 2102 1952 Loquitur
2131 1885 2186 1935 de

1290 1951 1545 2019 legionibus,
1566 1970 1663 2021 quae
1693 1951 1939 2018 conscriptae
1970 1952 2185 2003 belh-Gal-

1291 2018 1363 2068 lici
1395 2020 1545 2078 caussa,
1582 2025 1629 2068 L.
1674 2025 1800 2070 Furio
1837 2021 2043 2079 Camillo,
2089 2024 2183 2090 Ap-

1292 2095 1367 2155 pio
1393 2087 1586 2138 Claudio⁴
1605 2087 1802 2138 Craffino
1828 2089 2043 2158 Regilenfi
2066 2093 2181 2141 Coff.

1294 2163 1354 2207 U.
1393 2163 1448 2207 C.
1488 2177 1605 2206 anno
1644 2175 1818 2207 cccciv.
1847 2156 1954 2208 ficut
1983 2159 2189 2210 Chrono-

1295 2225 1448 2297 gtaphi
1488 2236 1539 2275 ὃς
1579 2228 1694 2275 Fasti.
1735 2227 1973 2294 Capitolini
2015 2227 2186 2299 liquido

1296 2297 1540 2345 monstrant
1558 2320 1570 2354 3
1599 2314 1690 2344 non
1709 2299 1843 2363 igitur
1861 2314 1978 2346 anno
1996 2317 2182 2349 cccxcn.

1297 2382 1347 2413 ut
1386 2369 1674 2433 incogitanter
1713 2364 1884 2432 scripsit,
1923 2385 2067 2435 quemiv
2089 2387 2188 2418 mo-

1296 2433 1356 2482 do
1379 2432 1660 2490 landavimm,
1687 2435 1828 2504 Justus
1854 2435 2029 2503 Lipsius.
2066 2437 2190 2488 Idem

1297 2504 1403 2566 juste
1441 2502 1622 2571 quidem
1647 2500 1765 2551 hunc
1807 2506 2003 2572 Eutropii
2039 2504 2189 2556 locum

1298 2576 1393 2620 vitii
1416 2571 1655 2638 suspestum
1677 2569 1850 2620 habuit:
1886 2572 1954 2623 fied
1968 2576 2020 2623 ab
2040 2580 2186 2624 audio—

1300 2646 1409 2689 rein
1437 2646 1527 2703 ejus
1560 2640 1827 2708 exscriptores
1864 2647 1943 2691 aevi
2015 2645 2188 2691 osterio-

1301 2715 1353 2759 ris
1389 2709 1499 2758 dum
1536 2708 1647 2759 illud
1677 2708 1818 2759 voluit
1853 2661 2071 2767 transfgrri,
2108 2717 2192 2761 ini-

1304 2799 1389 2849 que
1415 2798 1516 2829 meo
1556 2778 1720 2845 judicio
1749 2779 1860 2829 fecit.
1933 2783 2192 2830 NamPaea-

2096 2856 2191 2900 nius
