2350 3192
356 133 430 199 32

351 234 439 283 fine
466 235 560 283 libri
586 232 660 282 Ad
684 238 900 303 Virgines,
917 238 963 282 in
989 249 1040 283 11.
1065 240 1132 283 De
1150 239 1246 282 Ροε-

351 308 543 361 nitentia,
581 310 626 352 &
650 302 766 356 alibi,

419 374 593 441 Magno
616 377 760 441 itaque
789 391 924 420 errore
946 370 983 419 se
1010 370 1248 420 obstrinxe-

349 457 467 498 runt,
504 460 584 490 nec
614 447 833 488 minorem
877 440 1048 489 Hilario
1082 444 1247 489 auctori

351 509 664 559 accuratissimo
692 508 979 566 adfinxerunt,
1018 515 1095 578 qui
1116 511 1168 558 ab
1196 529 1249 557 eo

350 577 491 633 >tm-Hoc
529 580 607 633 &50
646 583 885 652 Evangelii,
935 585 1029 632 duos
1071 585 1249 632 denarios

349 674 586 725 argenteos,
641 656 857 705 drachmae
905 658 1062 706 Atticae
1107 655 1248 707 io-od‘v-

351 727 514 796 νείμεςς,
552 750 690 801 eoque
743 735 880 779 unciae
925 736 1088 800 argenti
1123 751 1249 801 quar-

350 816 439 848 tam
472 818 654 868 partem,
685 805 958 867 interpretata
982 819 1120 867 nuper
1149 819 1250 867 pro-

348 865 566 919 diderunt.
640 873 766 919 Nam
793 868 947 926 λξπἿοί,
985 868 1068 917 five
1085 875 1248 926 minuta,

348 943 516 992 tametsi
566 940 769 1008 α’ξγύξια.
815 961 1010 1011 quoque,
1062 957 1249 1009 argentea

349 1013 573 1060 interdum
605 1011 778 1070 fuerint,
814 1030 947 1079 eaque
974 1008 1247 1068 drachmalia,

350 1097 398 1128 ut
421 1099 519 1128 ante
545 1079 760 1137 diximu53
804 1090 847 1128 &
884 1077 954 1128 illa
979 1079 1082 1127 bina
1125 1084 1248 1128 unius

349 1154 503 1207 unciae,
541 1167 639 1217 quoe
681 1152 897 1196 oetonum
943 1146 1249 1196 drachmarum

346 1214 445 1274 fuit,
496 1215 711 1287 quadrans
761 1217 837 1264 effe
891 1222 1141 1282 potuerint:
1194 1237 1249 1265 ne

346 1304 494 1350 tamen
529 1285 598 1334 hic
641 1283 737 1334 talia
764 1285 1001 1352 concepisse
1035 1290 1094 1334 D.
1129 1283 1251 1335 Hila-

347 1361 464 1419 rium
496 1357 799 1412 existimemus,
836 1371 926 1403 tam
956 1353 1050 1402 usus
1073 1359 1250 1404 Denarii

349 1424 446 1480 α’ντὶ
493 1427 551 1479 τέ
593 1428 860 1494 >Commo-lug,
905 1422 974 1472 Vel
1018 1425 1140 1491 stipe>
1177 1442 1250 1473 aut

352 1493 526 1550 cereolis,
545 1499 632 1556 ejus
660 1494 928 1560 temporibus
956 1502 1001 1541 &
1027 1510 1124 1541 ante
1153 1492 1251 1559 pas—

349 1560 432 1609 fim
457 1579 664 1627 recePtus,
687 1560 807 1608 sicuti
836 1560 1082 1613 docuimus,
1113 1580 1250 1627 quam

351 1628 484 1678 sensus
512 1637 556 1679 δε
592 1648 713 1677 mens
740 1627 869 1694 ipsius
897 1625 1082 1675 historiae
1124 1626 1246 1676 fiicrae

352 1696 690 1745 manifestissime
753 1711 912 1743 vetant.
1010 1694 1166 1742 Voluit
1211 1714 1252 1741 e-

355 1772 451 1815 nim
500 1764 792 1833 significatum
847 1761 1040 1811 Christus
1093 1767 1254 1811 Domi-

354 1854 466 1893 nus,
544 1835 742 1882 homines
797 1835 919 1880 reetae
996 1829 1251 1890 voluntatis,

355 1908 639 1973 quantumvis
682 1920 854 1970 egenos,
920 1910 964 1948 ὃς
1003 1898 1255 1949 munuscula

357 1971 614 2028 tenuissima,
664 1968 1060 2038 puta'nummulos
1112 1989 1254 2028 aereos,

359 2041 557 2108 supremo
600 2044 793 2087 Numini
835 2038 1074 2095 offerentes,
1113 2044 1253 2097 citius,

360 2129 496 2179 quam
525 2113 601 2177 qui
621 2125 765 2157 mente
792 2127 882 2156 non
907 2106 997 2156 {atis
1020 2108 1130 2155 casta
1144 2108 1256 2156 mul—

361 2196 460 2227 tum
487 2196 715 2245 argentum
749 2176 816 2226 vel
854 2195 1008 2225 aurum
1046 2173 1254 2237 deferunt,

359 2245 568 2296 litaturos.
640 2250 760 2294 Hinc
793 2254 836 2293 ὃς
871 2251 975 2294 DD.
1011 2243 1164 2310 Cyrilli
1195 2263 1258 2294 at—

350 2316 452 2385 que
479 2313 773 2378 Chrysostomi
816 2314 962 2362 eadem
1001 2313 1070 2362 illa
1115 2312 1257 2365 viduae

361 2381 520 2444 MJr‘lot‘,
559 2382 724 2439 ὁζολές
757 2391 1142 2453 interpretantium,
1170 2385 1258 2454 lap-

362 2455 426 2504 sus
455 2455 580 2522 plane
610 2460 807 2523 geminus
833 2460 972 2503 evinci
1007 2458 1172 2521 potest:
1209 2456 1260 2503 si-

362 2524 543 2594 quidem
582 2544 652 2572 eos
688 2522 927 2572 intellexere
972 2523 1152 2582 obolos,
1213 2541 1259 2572 ut

361 2593 541 2662 quidam
584 2610 752 2660 putant,
787 2596 865 2661 qui
907 2610 1011 2640 cum
1045 2590 1258 2642 drachmis

360 2669 548 2711 omnino
600 2661 732 2709 iidem
771 2660 957 2716 fuerunt,
999 2670 1043 2708 ὃς
1082 2679 1164 2727 pro
1196 2659 1259 2709 his

359 2729 477 2797 apud
519 2730 729 2799 quosdam
769 2728 791 2777 ὲ
821 2727 1092 2796 scriptoribus
1130 2734 1259 2778 aetatis

359 2798 512 2849 medix
565 2796 783 2848 interdum
833 2795 1101 2867 usurpantur.
1182 2803 1258 2847 Sin

577 115 1400 200 JO.RUALDIAN1
1432 115 1939 179 MADVERS.

1295 251 1444 283 autem
1475 234 1614 304 (quod
1641 240 1765 284 citius
1799 237 2066 297 crediderim)
2097 243 2189 291 vul--

1296 323 1412 371 gares
1440 302 1594 352 obolos
1647 309 1957 373 cogitaverunt,
1997 327 2105 374 quos
2135 308 2195 362 se-

1297 390 1375 421 nos
1404 375 1551 422 Attica
1594 372 1799 422 drachma
1837 377 2101 432 continebat,
2137 396 2190 424 eo

1298 440 1412 490 diota
1457 441 1725 509 ἑξώᾷολΘ-»ε
1778 440 1918 491 adhuc
1951 447 2096 489 minus
2134 443 2194 490 fe-

1298 511 1419 559 rendi
1454 510 1565 568 sunt,
1639 515 1818 559 uoniam
1856 531 1904 558 ex
1941 516 2000 558 D.
2040 514 2194 559 Marco

1299 576 1370 627 illa
1397 578 1487 629 duo
1522 596 1612 635 λεπ
1626 579 1678 637 οἱ,
1711 578 1922 648 quadrans
1942 578 2130 636 fuerunt,
2150 588 2194 628 &

1300 648 1547 717 quadrantis
1584 648 1810 715 appellatio
1852 648 2039 697 duobus·
2058 647 2198 696 obolis

1300 722 1389 780 ejus
1419 723 1582 785 generis
1624 722 1855 765 convenire
1890 716 2006 765 nulla
2034 721 2200 766 ratione

1299 788 1452 852 potest.
1526 783 1608 833 Sed
1638 783 1732 833 illos
1770 803 1954 854 magnos
1984 790 2198 834 Doctores

1301 853 1452 922 culpae,
1489 853 1686 910 arbitror,
1714 851 1934 911 subducet,
1970 859 2047 923 qui
2076 853 2195 903 dixe-

1299 927 1369 979 rit,
1405 928 1552 989 primo
1574 920 1805 971 consilium
1830 940 2001 970 tantum
2025 920 2105 970 illis
2129 923 2197 970 fu-

1299 991 1370 1039 iffe
1393 990 1617 1049 declarare,
1637 991 1747 1060 quid
1774 993 1851 1038 ista
1872 988 2038 1052 λέγι-ἦς’
2064 989 2200 1039 dona-

1301 1065 1418 1109 tione
1460 1061 1727 1108 affirmatum
1764 1057 1950 1108 voluerit
1986 1057 2196 1117 Christu5‚

1301 1127 1424 1198 quod
1448 1147 1539 1177 non
1572 1126 1652 1177 alia
1679 1132 1830 1177 Graeca
1858 1147 1966 1177 voce
1995 1133 2199 1195 pecunia-

1300 1208 1361 1251 ria
1395 1202 1675 1251 commodius
1711 1220 1849 1271 quam
1883 1197 2031 1265 ὀὲολῷ
2066 1200 2200 1251 facere

1302 1272 1559 1339 potuiffent3
1596 1291 1688 1321 non
1714 1290 1833 1328 vem,
1861 1275 2015 1340 quanti
2037 1271 2201 1336 praecise

1301 1340 1447 1396 λεπἿὸν
1483 1348 1580 1395 effet
1615 1344 1768 1397 valoris
1814 1362 1945 1415 atque
1972 1343 2199 1403 indicatio—

1302 1421 1392 1464 nis:
1430 1416 1586 1465 deinde
1613 1420 1659 1464 in
1690 1419 1870 1472 Graecia,
1888 1413 2200 1470 ficut-Romae‚

1301 1483 1376 1533 sub
1394 1490 1569 1551 Imperii
1603 1483 1820 1551 utriusque
1834 1483 2105 1549 principibus
2133 1500 2200 1535 to-

1303 1558 1384 1599 tius
1411 1559 1470 1600 rei
1503 1555 1760 1598 nummariae
1798 1555 2009 1598 rationem
2047 1547 2202 1597 admo-

1302 1619 1409 1668 dum
1466 1637 1624 1685 vagam
1664 1616 1785 1663 fuiss'e
1829 1627 1873 1664 δε
1920 1619 2199 1674 arbitrariam,

1302 1705 1394 1734 non
1423 1687 1573 1733 statam
1609 1694 1652 1733 &
1689 1684 1972 1744 constantem,
2007 1683 2092 1747 hoc
2126 1686 2199 1742 est,

1302 1752 1479 1803 illorum
1501 1772 1752 1821 temporum
1781 1750 1936 1802 obolos
1972 1771 2102 1822 atque
2131 1753 2202 1803 de-

1305 1829 1460 1881 narios,
1499 1842 1639 1892 neque
1668 1821 1874 1890 pondere,
1912 1841 2054 1891 neque
2092 1840 2201 1871 tem-

1306 1898 1537 1959 peratione,
1574 1910 1647 1941 aut
1675 1890 1833 1940 metalli
1878 1888 2087 1961 dignitate
2122 1889 2202 1940 illis

1303 1966 1491 2031 antiquis
1519 1959 1700 2030 aequales
1736 1959 1924 2008 extitisse.

1378 2030 1580 2078 Similiter
1618 2048 1738 2079 vetus
1777 2035 2037 2078 Francorum
2074 2025 2203 2076 dena-

1307 2105 1391 2149 rius
1421 2120 1469 2148 ex
1495 2116 1674 2168 argento
1707 2096 1804 2155 fuit,
1842 2095 2056 2145 drachmae
2086 2099 2202 2144 Atti-

1307 2193 1381 2231 cae,
1398 2171 1466 2223 vel
1482 2177 1669 2241 argentei
1683 2170 1904 2220 Castiliani
1932 2169 2200 2246 ot'v'llf'ifion&‚

1310 2246 1578 2297 Eorumdem
1602 2263 1722 2294 vetus
1747 2242 1902 2293 solidus
1933 2262 2080 2292 aureus
2102 2241 2199 2300 fuit,

1313 2326 1356 2365 δε
1382 2312 1677 2365 didrachmalis
1709 2318 1834 2361 initio
1862 2310 2057 2369 fortassis,
2095 2331 2203 2381 qua-

1310 2383 1358 2433 lis
1387 2391 1542 2433 Romae
1572 2382 1645 2431 sub
1682 2381 1916 2430 Caefaribus
1951 2380 2006 2428 ad
2044 2386 2202 2448 princi-

1309 2472 1381 2520 pes
1409 2451 1671 2500 Christianos
1713 2448 1844 2518 usque
1879 2448 1997 2501 fuiss'e
2027 2463 2205 2515 compe-

1309 2526 1440 2569 ritur:
1468 2520 1622 2569 deinde
1650 2517 1877 2575 sextularis,
1914 2517 2000 2567 hoc
2029 2520 2101 2575 est,
2119 2518 2202 2567 sex—

1311 2588 1461 2646 tulam,
1499 2587 1566 2637 vel
1602 2586 1761 2636 sextam.
1807 2591 1943 2636 unciae
1992 2591 2201 2636 Romanae

1308 2675 1475 2725 partem
1535 2657 1588 2705 ad
1634 2654 1829 2705 libellum
1869 2655 2058 2711 trahens,
2116 2651 2203 2702 five

1310 2726 1508 2793 ponderis
1539 2744 1772 2794 granorum
1809 2739 2028 2772 Lxxxtv.
2058 2719 2204 2790 quales

1310 2800 1356 2845 in
1383 2793 1550 2845 Codice
1571 2796 1837 2865 Justinianeo
1870 2801 1911 2842 δε
1937 2788 2204 2839 Theodosia-

2146 2877 2207 2906 no
