2350 3192
373 139 444 176 10

370 237 533 287 toribus
568 234 695 303 plane
724 234 823 284 licet
866 231 1111 301 intelligere.
1182 234 1266 279 Di-

369 308 671 355 stributionem
704 308 835 372 igitur
876 301 994 350 illam
1031 305 1136 370 quia
1170 297 1266 348 sunt

369 379 526 423 imitati
564 370 686 440 prisci
720 376 908 431 Qiirites
948 374 994 417 in
1023 367 1267 437 legionibus

368 442 460 499 suis,
501 451 545 490 ὃς
574 441 797 490 Tribunos
820 438 1013 488 militum
1050 439 1173 504 supra
1200 456 1269 485 or-

371 509 526 560 dinum
556 510 683 559 duces
707 509 961 564 habuerunt,
987 505 1096 556 sicut
1116 508 1266 555 Mace-

371 579 506 628 dones
539 588 581 626 &
609 578 733 627 Persae
759 574 1024 625 Chiliarchas
1048 574 1131 624 sive
1161 573 1268 622 Mil—

368 647 548 696 lenarios
597 646 718 714 supra
771 642 1140 694 Hecatontarchas
1200 642 1268 691 vel

371 721 683 777 Centuriones,
722 720 895 782 opinor,
932 716 985 762 ab
1018 713 1096 762 hac
1125 710 1270 781 aliqua

369 783 652 833 similitudine
700 784 756 833 ad
788 784 905 833 suam
947 781 1149 831 militiam
1180 780 1268 829 illas

373 859 543 903 Graecas
571 851 875 921 appellationes
905 849 1245 900 transtluxerunt.

411 961 1067 1009 ANIMADVERSIO
1140 960 1218 1004 III.

371 1043 553 1085 AEtatem
591 1036 742 1083 Romuli
780 1054 881 1082 anuo
918 1035 1148 1091 breviorem,
1183 1052 1271 1099 reg—

437 1123 527 1152 uum
554 1123 656 1151 anuo
680 1105 827 1170 longius
854 1122 968 1169 quam
992 1107 1176 1170 oportuit,
1202 1106 1270 1149 ‹vi-

437 1174 522 1220 deri
533 1174 667 1239 feclffb
696 1172 963 1220 Plutarchum.
1025 1178 1070 1219 A
1083 1174 1130 1237 fi
1154 1190 1271 1217 necue

425 1244 546 1309 super
574 1243 644 1289 hoc
657 1241 861 1307 posteriore
890 1241 930 1287 di
933 1244 1098 1305 jentiat.
1165 1245 1271 1306 Pug-

437 1328 533 1357 nare
578 1330 661 1357 cum
700 1313 869 1375 opinione
906 1312 1069 1356 omnium
1107 1313 1271 1356 maxime

441 1393 597 1444 recepta
621 1384 729 1426 circa
756 1380 947 1426 Natalem
980 1378 1103 1434 urbis,
1115 1382 1181 1444 qui
1207 1392 1273 1425 ta-

437 1467 522 1495 men
548 1467 667 1515 mque
696 1462 801 1495 certo
826 1450 1005 1514 cuiquam
1030 1449 1215 1499 innotuit.

438 1559 494 1601 In
523 1571 717 1600 extremo
753 1551 951 1600 Romulo
979 1558 1079 1619 Pag.
1121 1563 1201 1612 78.

373 1637 592 1717 AE‘ye‘f)
621 1638 645 1702 5
670 1637 922 1701 ῬωμύλΘ
950 1636 1145 1703 dam&
1191 1634 1272 1704 μὲζό

498 1713 569 1766 ’ἐτη
608 1708 643 1782 γὲ
681 1706 909 1764 πενἾήκονἾα
939 1710 1152 1775 γεγονώς,
1190 1711 1275 1775 ὅγ-

376 1789 469 1840 δοον
518 1784 543 1850 5
580 1781 847 1850 βασιλόῦων
891 1785 1011 1835 ἐκεῖνο
1048 1782 1083 1856 25}
1140 1805 1276 1844 ταα-

374 1860 525 1918 zos-322,
583 1857 642 1921 c'l}
680 1854 909 1924 οίνθξώπων
948 1857 1275 1924 domnamant

375 1940 430 1983 In
460 1950 646 2001 utroque
683 1948 870 1978 numero
904 1928 1062 1979 diverse
1095 1930 1178 1981 labi
1215 1939 1279 1982 vi—

378 2003 517 2051 detur.
590 2004 714 2048 Nam
737 2001 794 2046 T.
824 2003 984 2065 Livius,
1023 2009 1067 2048 &
1107 2006 1279 2068 Diony-

378 2070 462 2120 fius
491 2066 842 2125 Halicarnaffeus,
855 2084 904 2115 ut
927 2067 1030 2117 alios
1053 2074 1279 2121 minorum

379 2144 579 2207 gentium
606 2139 849 2186 Historicos
883 2154 1151 2204 praeteream3
1188 2160 1281 2189 am—

383 2211 443 2257 bo
479 2205 778 2256 accuratiffimi
823 2215 867 2254 δε
907 2204 1152 2267 dulciffimi,
1202 2216 1280 2280 qui

382 2282 461 2326 uni
493 2280 699 2323 omnium
735 2291 931 2323 veterum
964 2275 1281 2346 diligentissime

384 2364 479 2393 rem
506 2350 758 2394 Romanam
787 2345 1109 2411 investigarunt,
1133 2365 1182 2395 ut
1208 2347 1282 2396 ali-

386 2433 516 2462 orum
555 2411 769 2461 industriae
807 2410 910 2460 nihil
957 2415 1173 2484 reliquum
1221 2416 1282 2465 fe-

389 2487 547 2538 cerint,
600 2498 770 2529 aetatem
809 2481 991 2529 Romuli
1030 2503 1147 2533 anno
1186 2485 1282 2534 lon—

389 2557 586 2618 giorem,
646 2559 690 2597 δε
739 2568 924 2618 regnum
973 2570 1090 2600 anno
1144 2554 1282 2602 brevi-

391 2638 438 2667 us
480 2620 804 2668 constituerunt.
875 2619 1025 2670 Verba
1067 2623 1281 2688 Dionysii,

393 2692 496 2755 quia
521 2692 648 2735 etiam
676 2687 1059 2736 vetustiffimorum
1097 2696 1285 2759 Scripto-

392 2775 492 2803 rum
519 2755 627 2806 hanc
653 2754 771 2807 fuisse
792 2762 1049 2827 opinionem
1074 2759 1282 2821 indicant,

641 116 768 198 Jo.
817 111 1194 172 RUALDI
1257 103 1924 175 ANIMADVERS:

1311 226 1527 277 adducam
1565 249 1615 277 ex
1642 233 1882 298 Originum
1910 239 2210 290 Romanarum

1311 295 1424 347 libro
1459 314 1512 350 11.
1578 302 1654 362 Qi
1680 300 1841 347 Romam
1867 304 1989 367 igitur
2021 310 2208 366 condidit,

1314 371 1374 424 ὠ
1396 371 1546 433 primus
1573 365 1622 413 ab
1649 368 1736 432 ipfis
1760 374 1944 417 Romanis
1966 376 2052 418 Rex
2066 377 2119 437 ψ
2141 380 2207 425 de-

1315 436 1492 483 claratus
1524 437 1719 495 Romulus,
1763 439 1882 486 nullis
1922 458 1971 487 ex
1993 442 2041 506 se
2067 443 2212 492 reliffis

1314 502 1458 561 liberis,
1488 504 1572 570 poll
1598 523 1719 552 annos
1751 523 1840 558 V11.
1864 511 2072 563 &XXX.
2102 531 2218 577 quam

1315 578 1425 640 regni
1445 572 1710 638 gubernacula
1737 580 1879 632 tenuit,
1915 594 2059 625 annum
2081 597 2108 624 a
2126 582 2215 645 suis
2240 616 2251 622 ,

1317 640 1514 690 naialibus
1545 657 1592 688 v.
1614 645 1676 698 ὠ
1708 661 1749 690 L.
1770 661 1905 710 agens,
1920 645 2039 693 talem
2069 652 2216 695 exitum

1317 713 1416 757 ‹vitae
1446 710 1594 757 habuit.
1665 712 1884 758 Admodum
1909 718 2008 761 enim
2032 719 2213 778 juvenis,

1318 782 1379 834 όν
1406 778 1705 842 duodevicesimo
1733 784 1863 827 aetatis
1900 800 2002 830 anno
2017 787 2219 851 principa-

1317 857 1400 892 tum
1428 846 1481 910 est
1504 848 1758 913 consequutus
1774 849 1848 896 :id
1866 852 1970 915 quod
1989 851 2042 915 cst
2061 855 2105 899 in
2126 873 2217 901 con-

1307 913 1405 980 feffo
1432 915 1538 979 apud
1554 933 1696 972 omnes,
1735 921 1802 981 qui
1825 918 1870 964 de
1899 919 2011 966 rebus
2037 922 2141 968 illius
2156 923 2217 969 hi-

1303 982 1453 1046 storias
1483 983 1804 1050 confiripftruut.

1877 986 1950 1034 Ad
1987 986 2107 1035 hunc
2136 993 2151 1036 i
2184 995 2218 1038 i-

1318 1068 1387 1098 tur
1410 1048 1628 1099 calculum
1651 1071 1713 1100 res
1744 1051 1776 1100 fi
1804 1070 1991 1120 putetur,
2026 1008 2220 1122 peccagrit

1318 1120 1459 1167 noster
1500 1124 1547 1167 in
1595 1136 1715 1169 aetate
1754 1120 1937 1172 Romuli
1971 1123 2220 1193 affignanda

1319 1186 1526 1255 ἐλλείψει
1563 1198 1667 1242 anni
1701 1200 1854 1244 unius:
1904 1204 1950 1246 δε
1983 1217 2133 1248 contra
2170 1205 2220 1249 in

1318 1259 1571 1311 definiendis
1620 1267 1708 1330 ejus
1756 1271 1877 1334 regni
1922 1269 2217 1334 temporibus,

1319 1330 1539 1401 ύπξξᾷολῆ
1575 1335 1682 1379 item
1720 1339 1859 1384 unius,
1948 1334 2109 1385 Credat
2145 1337 2221 1386 ali-

1320 1404 1417 1469 quis
1458 1401 1526 1449 vel
1564 1398 1707 1467 ipsum
1753 1401 2032 1453 Plutarchum
2072 1412 2221 1457 erroris

1320 1467 1448 1531 hujus
1475 1470 1714 1536 posterioris
1744 1469 1858 1520 ultro
1888 1471 1927 1519 se
1951 1471 2111 1521 deferre
2137 1495 2217 1524 vo-

1320 1535 1452 1591 luiffe,
1490 1537 1670 1604 quando
1708 1542 1756 1585 in
1793 1543 1958 1589 Numae
2002 1547 2221 1608 principio

1322 1603 1572 1651 Romulum
1602 1624 1719 1652 anno
1740 1610 1800 1653 U.
1821 1613 1877 1653 C.
1902 1624 1989 1655 v11.
2012 1618 2057 1655 δε
2083 1627 2218 1660 ΧΧΧ.

1323 1668 1441 1717 diem
1468 1670 1594 1717 suum
1621 1671 1767 1719 obiisse
1804 1670 1947 1722 diserte
1984 1685 2221 1730 annotavit.

1325 1737 1407 1785 Sed
1436 1742 1585 1787 mitior
1617 1744 1779 1789 Critica
1807 1740 2081 1811 responderit,
2116 1766 2219 1797 eum

1323 1803 1544 1856 fortassean
1587 1811 1633 1857 in
1674 1810 1872 1860 Romulo
1906 1818 2010 1861 anni
2039 1819 2130 1877 jam
2160 1823 2225 1867 in-

1325 1881 1461 1942 coepti
1487 1881 1699 1926 rationem
1724 1879 1919 1929 consulto
1950 1882 2129 1932 confilio
2150 1885 2224 1936 ha-

1326 1944 1485 1993 buiffe:
1522 1951 1567 1994 in
1593 1950 1750 1997 Numa
1769 1969 1888 2010 vero,
1924 1950 2125 2019 exemplo
2149 1974 2221 2002 eo-

1326 2033 1439 2074 rum,
1485 2034 1596 2083 quos
1638 2017 1777 2066 modo
1809 2016 2094 2080 laudavimu5‚
2129 2042 2220 2071 non

1327 2081 1406 2130 nisi
1434 2081 1585 2131 solidos
1615 2094 1660 2134 &
1695 2085 1934 2154 completos
1973 2106 2110 2136 annos
2145 2091 2220 2140 ad-

1327 2149 1536 2218 scripsisse,
1575 2152 1776 2221 negletstis
1806 2155 1953 2203 diebus
1990 2175 2064 2206 aut
2098 2158 2221 2227 septi-

1327 2225 1467 2268 manis
1514 2220 1680 2290 aliquot
1737 2224 2073 2284 excurrentibus,
2123 2248 2222 2297 quae

1326 2287 1479 2337 scilicet
1502 2291 1555 2338 ab
1585 2308 1656 2337 XI.
1688 2290 1782 2339 Cal.
1822 2296 1972 2353 Maias,
2007 2299 2054 2342 in
2086 2316 2221 2365 quem

1329 2357 1447 2405 diem
1470 2357 1700 2406 conditum
1725 2359 1872 2419 Urbis,
1909 2361 2038 2411 simul
2066 2375 2110 2414 &
2137 2371 2220 2415 ini-

1331 2431 1443 2472 tium
1466 2431 1634 2495 imperii
1658 2427 1843 2477 Romuli
1866 2431 2054 2480 cecidisse
2080 2437 2222 2484 noster

1329 2498 1375 2541 in
1413 2494 1537 2559 hujus
1579 2500 1666 2544 vita
1697 2516 1791 2565 pag.
1830 2519 1910 2560 50.
1960 2500 2119 2550 Plinius
2146 2502 2218 2552 lib.

1334 2579 1483 2612 xviii.
1524 2582 1615 2630 cap.
1662 2583 1811 2615 XXVI.
1871 2568 2119 2628 observant,
2166 2569 2222 2620 ad

1333 2635 1486 2681 Nonas
1512 2633 1742 2696 QintileS,
1757 2641 1804 2684 in
1827 2640 1984 2706 quibus
2007 2639 2076 2687 hic
2102 2638 2222 2687 idem

1333 2719 1436 2748 cum
1464 2707 1647 2768 imperio
1684 2709 1818 2753 vitam
1845 2707 2029 2755 creditur
2066 2707 2222 2755 amisis-

1332 2769 1384 2828 se,
1402 2789 1506 2821 cum
1529 2770 1616 2821 aliis
1641 2788 1742 2826 tum
1767 2775 2021 2843 Lampridio
2047 2780 2094 2825 in
2127 2795 2223 2825 nar-

2161 2864 2227 2895 ra-
