2350 3192
349 153 417 192 12.

339 258 469 320 quinio
487 255 652 320 Superbo
680 260 721 302 in
749 258 910 305 Italiam
929 261 1057 304 venit.
1094 260 1229 305 Et1v.

340 323 586 389 Pythagoras
596 324 686 391 fuit
716 329 758 372 in
780 327 902 373 Italia
927 325 1154 390 temporibus
1168 327 1235 391 iis-

339 391 437 446 dem,
472 392 609 457 quibus
633 398 684 439 L.
714 399 864 440 Brutus
895 398 1070 458 patriam
1095 394 1235 441 libera-

338 463 420 506 vit.
492 458 781 508 Consentiunt
809 465 996 509 Laertius
1023 459 1097 514 lib,
1120 479 1230 510 vm.

341 525 504 575 Gellius
529 526 602 576 lib.
632 547 759 578 xvn.
783 547 877 596 cap.
927 547 1038 578 XXI.
1064 528 1234 579 Eusebi-

337 617 385 645 us
400 601 612 667 ngvmciiv
648 619 931 652 Mcnxcvu.
944 607 1098 652 Pariter
1123 610 1233 653 Stra-

335 668 394 716 bo
425 680 468 718 &
498 674 724 730 Lucianus,
759 671 939 741 quando
977 671 1048 720 hic
1085 677 1131 726 ὀμ
1159 668 1228 738 ηδ’,

333 737 557 798 Φάλαρις
587 744 793 810 πξῶτῶα,
843 738 1124 798 Phalaridem,
1161 742 1231 790 ille

338 823 450 855 X1v.
488 805 614 865 libro,
643 808 926 874 Polycratem,
942 826 1145 874 tyrannos
1168 811 1232 858 iis—

333 872 436 922 dem
462 876 596 924 ferme
634 877 918 945 temporibus,
954 880 1111 946 quibus
1140 885 1231 926 Ser-

332 948 427 991 vius
465 952 510 993 &
550 945 765 1012 Superbus
795 951 952 995 Romae
977 946 1228 1014 regnabant,

331 1010 581 1080 Pythagorae
644 1018 831 1062 omnino
875 1012 1057 1083 aequales
1110 1016 1230 1065 fuiffe

328 1078 537 1145 produnt.
575 1081 699 1144 Qid
722 1100 825 1150 ergo
854 1086 997 1131 noster
1031 1088 1076 1132 in
1107 1102 1229 1134 tanto

328 1146 603 1197 summorum
634 1148 891 1216 scriptorum
917 1150 1118 1200 consensu
1154 1151 1230 1200 ad-

328 1213 415 1264 huc
445 1217 596 1286 ἐπέχςί,
635 1228 679 1267 &
710 1216 937 1267 dubitandi
974 1219 1126 1269 locum
1154 1240 1229 1289 pa-

327 1303 428 1332 rum
480 1291 611 1334 cautis
663 1285 895 1336 leecoribus
955 1289 1076 1355 super
1131 1307 1229 1339 aeta-

328 1370 370 1399 te
412 1352 660 1423 Pythagorae
697 1356 803 1405 relin
839 1362 929 1406 uit?
976 1357 1126 1407 Habet
1167 1375 1229 1407 ta—

326 1439 430 1471 men
461 1421 541 1472 suae
588 1423 717 1489 hujus
758 1376 950 1495 ingignae
1004 1425 1228 1504 α’ῥρεψίας

325 1489 490 1539 socium
545 1499 728 1542 minime
745 1539 749 1544 ,
769 1494 1013 1562 ignobilem
1051 1515 1229 1562 poetam

328 1557 562 1616 Ovidium,
600 1566 678 1628 qui
709 1579 782 1608 111.
813 1565 1036 1610 Fastorum
1053 1563 1106 1609 de
1128 1569 1230 1612 Nu-

328 1643 402 1672 ma
430 1644 489 1674 ita
518 1645 662 1676 canit.-

362 1698 460 1741 Sive
487 1696 555 1741 hoc
578 1715 603 1742 a
628 1699 756 1742 Samio
786 1697 935 1753 dofras,
973 1703 1041 1762 qui
1055 1701 1153 1764 poffi’
1169 1717 1231 1746 re-

477 1765 588 1828 nasci

415 1836 503 1879 Nos
518 1846 655 1897 putat,
670 1836 813 1898 Egeria
823 1834 921 1899 five
951 1848 1125 1882 monente
1136 1839 1229 1903 sua.

329 1911 385 1955 Et
406 1912 451 1956 in
479 1924 554 1959 111.
576 1905 630 1954 de
655 1913 798 1956 Ponto
829 1907 934 1977 eleg.
961 1928 1034 1959 111.

363 1979 471 2025 Talia
482 1995 554 2023 nec
565 1977 701 2024 Chiron
713 1977 761 2024 ab
770 1980 930 2027 Achille
934 1984 1094 2045 praemia
1109 1986 1209 2047 cepit
1218 2004 1232 2031 .·

425 2044 724 2113 Pythagoraeque
759 2047 903 2113 ferunt
956 2066 1032 2095 non
1070 2053 1232 2118 nocuzffe

471 2118 655 2161 Numam.

333 2184 428 2239 Qui
457 2178 525 2229 alii
549 2187 716 2251 antiqui
744 2182 870 2247 hujus
900 2184 1089 2248 ejusdem
1118 2207 1230 2236 erro-

332 2254 387 2295 ris
423 2255 682 2317 contagione
722 2253 848 2301 afflati
902 2252 1076 2313 fuerint,
1128 2276 1232 2306 cum

334 2316 460 2365 disces
481 2317 665 2375 aliunde,
685 2336 781 2367 tum
810 2342 858 2368 ex
884 2321 1009 2370 Plinii
1025 2323 1096 2373 lib.
1116 2343 1231 2375 X111.

884 2389 965 2438 Sed
988 2392 1128 2441 eidem
1153 2394 1234 2443 Pli*

335 2459 411 2500 nio
445 2454 517 2502 lib.
558 2473 610 2503 11.
636 2473 728 2522 cap.
763 2474 873 2505 vm.
927 2466 1082 2507 Veneris
1109 2463 1231 2525 stellae

333 2537 515 2570 naturam
554 2525 816 2592 Pythagoram
858 2527 1141 2593 deprehendiffi,
1180 2538 1234 2576 Ο-

338 2591 522 2657 lympiade
564 2609 689 2640 XL11.
726 2598 792 2659 qui
819 2594 908 2660 fuit
949 2614 1074 2643 annus
1117 2599 1233 2645 Urbis

344 2675 499 2705 exitii.
537 2660 687 2727 procul
712 2680 815 2709 vero
844 2661 1026 2726 dietum,
1052 2682 1151 2713 ante
1174 2665 1233 2714 al—

340 2721 422 2772 lata
457 2729 697 2777 testimonia
747 2730 972 2779 manifesto
1011 2738 1231 2788 evincunt,

342 2797 384 2840 Si
412 2800 529 2844 enim
554 2797 608 2845 ad
650 2800 934 2868 Regifugium
970 2798 1117 2871 usque,
1149 2801 1233 2852 hoc

336 2405 426 2451 cap.
449 2404 563 2438 xm,
592 2386 810 2455 intelliges.

610 133 1159 218 JO.RUALD1
1232 133 1901 198 ANIMADVERS.

1281 256 1355 312 est,
1370 254 1425 304 ad
1441 259 1494 305 A.
1511 261 1570 306 U.
1587 262 1642 310 C.
1660 268 1918 310 cch1v.&
1932 264 2173 322 infia,suan1

1284 328 1419 373 vitam
1460 326 1680 393 produxit,
1718 325 1824 376 ficut
1865 326 1974 377 clare
2018 338 2172 385 Cicero

1283 392 1437 442 docet:
1475 392 1670 461 profetsto
1696 413 1832 444 annus
1855 395 1937 454 ille,
1974 401 2066 467 quo
2101 422 2172 452 na-

1284 478 1377 510 tum
1405 468 1581 512 Veneris
1619 465 1672 512 ab
1716 483 1768 510 eo
1810 462 2065 532 deprehenso,
2095 467 2176 517 fer—

1283 547 1367 588 tur,
1413 537 1500 595 ejus
1540 535 1729 581 natalem
1767 532 1897 582 solida
1936 539 2198 587 minimum-

1283 597 1604 650 dodecaeteride
1638 601 1878 650 anteceffit:
1915 622 2020 651 nam
2060 624 2178 654 anno

1282 673 1412 717 aetatis
1455 669 1738 738 nonagesimo
1787 670 1911 728 obiit,
1960 690 2008 721 ut
2050 671 2180 724 docet

1280 740 1326 783 in
1359 743 1448 800 ejus
1478 743 1566 786 vita
1593 736 1786 803 plurium
1823 744 2080 805 opinionem
2120 742 2178 792 se-

1280 823 1403 852 cutus
1424 810 1624 853 Laertius,
1700 810 1870 855 Notam
1897 807 2034 875 culpae
2062 809 2178 860 haud

1280 877 1415 940 magis
1460 873 1635 942 effugiet
1678 874 1850 933 Plinius,
1905 875 2003 926 licet
2038 877 2177 944 spreto

1282 945 1448 990 Laertio
1484 945 1663 991 Tzetzes
1704 943 1773 992 vel
1800 943 1975 994 Photius
2000 945 2179 997 audian-

1280 1026 1363 1067 tur,
1410 1016 1489 1079 qui
1520 1017 1656 1060 vitam
1691 1010 1956 1081 Pythagorae,
1988 1012 2059 1061 ille
2096 1033 2170 1065 XI.

1281 1077 1396 1127 Chil.
1413 1077 1556 1128 histor.
1583 1097 1825 1129 CCCLXVI.
1847 1087 1968 1130 annis
1996 1101 2175 1143 novem,

1278 1144 1349 1195 hic
1374 1145 1656 1197 Bibliothecae
1681 1148 1796 1197 eod.
1826 1169 2035 1200 ccxmx.
2071 1172 2180 1222 qua-

1279 1214 1528 1264 tuordecim
1562 1217 1808 1285 longiorem
1845 1220 1962 1268 fuiffe
1990 1219 2176 1271 tradunt.

1280 1286 1374 1332 Tot
1402 1304 1532 1352 porro
1570 1305 1787 1335 annorum
1811 1287 2082 1359 Pythagoras,
2113 1291 2180 1340 iis-

1279 1350 1381 1402 dem
1413 1353 1628 1424 aliquibus
1673 1357 1957 1423 temporibus,
2015 1364 2175 1418 Servio,

1279 1423 1540 1493 Tarquinio,
1579 1430 1715 1472 Bruto
1737 1424 2011 1489 synchronOS‚
2031 1444 2079 1475 ut
2102 1446 2179 1495 pa-

1279 1508 1352 1548 tet,
1389 1492 1467 1540 effe
1506 1491 1628 1541 facile
1667 1498 1848 1557 potuit;
1893 1514 1946 1542 ne
1983 1513 2042 1562 pu
2078 1515 2178 1545 nare

1279 1558 1357 1606 sibi
1403 1575 1501 1606 ante
1541 1558 1734 1607 laudatos
1774 1560 1967 1610 adversus
2017 1569 2047 1611 P
2066 1581 2178 1612 utar-

1280 1624 1416 1674 chum
1442 1630 1634 1674 aucstores
1659 1628 1878 1675 existimes.

1360 1761 1964 1816 ANIMADVERSIO
2036 1771 2097 1817 V.

1280 1865 1391 1932 Falso
1417 1866 1548 1932 dixisse
1577 1869 1845 1926 Plutarchum,
1867 1874 1945 1933 jus
1988 1876 2105 1920 trium
2132 1876 2195 1923 li*

1348 1933 1520 1982 berorum
1554 1955 1580 1983 a
1608 1941 1742 1984 Numa
1782 1940 1987 2004 conceſjum
2023 1942 2182 2004 Vestali-

1352 2003 1435 2050 bus.
1473 2009 1519 2051 A
1542 2025 1614 2071 quo
1641 2007 1769 2072 ergo?
1803 2014 1850 2054 In
1877 2027 1950 2073 quo
1978 2009 2089 2065 illud,
2117 2014 2178 2066 &¹

1349 2072 1461 2118 aliud
1484 2077 1775 2139 tergeminorum
1801 2076 2068 2142 discreparunt
2083 2079 2179 2126 ?Ex

1349 2159 1426 2206 qua
1455 2144 1581 2207 cauffiz
1613 2156 1815 2208 utrumque
1842 2145 2012 2190 nutum?
2046 2150 2180 2193 Nota-

1350 2222 1416 2256 tus
1444 2209 1669 2259 Sabellicus.
1738 2211 1909 2257 Lifforis
1945 2213 2119 2261 honorem
2153 2236 2179 2263 a

1349 2281 1484 2324 Numa
1511 2277 1676 2340 Vestales
1699 2296 1774 2324 non
1798 2279 2008 2343 obtiuuzffi,
2037 2299 2178 2332 contra

1349 2346 1613 2393 Plutarchum.
1685 2348 1798 2393 Illum
1825 2348 1999 2396 honorem
2027 2355 2067 2397 in
2096 2357 2180 2399 ‘itu-

1350 2426 1431 2459 tum
1451 2413 1527 2478 sub
1568 2414 1761 2481 AugustO,
1818 2418 1921 2463 cur?
1971 2419 2179 2483 Vestalibus

1350 2482 1536 2528 creditum
1568 2487 1686 2529 etiam
1721 2487 1927 2549 injuratt‘s‚
1951 2489 2070 2553 secus
2083 2492 2178 2554 sen—

1349 2553 1471 2596 tiente
1497 2551 1722 2599 Plutarcho.

1451 2647 1503 2692 In
1540 2647 1635 2691 NU
1654 2661 1745 2692 MA
1767 2662 1863 2713 pag.
1895 2666 2007 2705 144.

1284 2724 1490 2807 ἹἿμοίς
1519 2723 1546 2791 ὃ
1573 2726 1799 2794 μεγάλας
1827 2727 2046 2782 ot’m'd‘omzv
2086 2733 2175 2784 αό-

1401 2803 1500 2858 τοᾶς
1528 2800 1678 2869 (laquie
1704 2799 1938 2870 παςθένοις)
1968 2798 2022 2854 ὧν
2052 2805 2112 2860 ἐςι
2139 2804 2175 2895 ²1}

2123 2901 2172 2933 ro
