2350 3192
455 126 592 183 IN
697 120 1692 181 PLUTARCHUM.

166 246 263 295 asses
301 243 437 293 dictos
475 244 552 293 esse
580 243 632 291 ab
678 238 918 291 auctoribus
943 244 1053 287 acci-

169 319 327 380 pimus,
397 311 506 361 uales
536 327 606 359 1v.
641 319 684 358 &
711 325 791 356 Lx.
824 310 948 353 unius
980 307 1052 354 de-

168 386 291 438 narii,
327 400 378 429 ve
428 376 638 428 draclimae
675 380 860 443 pretium
893 371 1052 422 habue-

168 466 295 497 runt:
332 456 376 498 δε
429 446 526 495 tales
562 449 746 493 omnino
782 442 1052 507 concipiendi

169 521 362 572 veniunt,
381 519 546 583 quoties
570 510 685 579 apud
700 508 907 578 quosdam
928 509 1053 577 scrip-

169 601 291 640 tores,
338 581 505 629 Assium
550 596 629 627 Lx.
664 578 779 626 fuiffe
809 576 1050 636 denarium,

172 664 216 702 &
263 649 388 697 affem
436 646 731 714 stexagesimarn
776 644 893 693 fuisse
928 651 1052 693 unius

169 718 326 766 denarii
342 721 533 766 Romani
552 732 717 781 partem
739 714 933 782 legimus.
956 718 1053 761 Nec

171 785 323 841 obstat,
360 784 480 852 quod
510 800 650 832 inv.
679 785 792 831 istius
819 787 978 850 generis
999 782 1056 830 as-

170 851 225 901 ses
267 851 459 900 denarius
497 849 740 919 collegerit:
786 868 883 900 tum
923 855 1056 908 enim,

173 941 222 973 ut
259 924 344 972 fere
378 923 477 972 alibi
511 924 750 979 πλατυκῶς
784 932 828 973 &
856 924 1055 982 rotunde,

173 1010 265 1040 non
304 992 500 1054 dnfflGAEg
534 991 614 1059 ipsi
657 991 780 1061 loqui
816 990 1058 1045 voluerunt.

175 1070 286 1113 I-laec
315 1070 488 1132 raptim,
528 1074 571 1112 δε
612 1062 666 1117 ὦς
692 1065 737 1114 ὸν
768 1064 954 1132 παρρὃ
982 1084 1062 1113 no-

178 1151 262 1182 tata
284 1132 516 1190 voluimus,
553 1130 752 1181 fusissime
776 1151 800 1180 a
836 1140 933 1182 viris
958 1134 1061 1182 cloc—

178 1207 229 1250 tis
253 1200 418 1269 pridem
452 1212 495 1250 &
524 1206 646 1250 variis
674 1200 969 1251 occasionibus
993 1223 1063 1251 ex-

179 1269 359 1334 plicata3
396 1275 554 1336 partim
596 1287 644 1316 ut
681 1268 892 1318 le&orum
928 1277 1065 1319 curio-

182 1335 293 1386 fitati
338 1338 480 1406 aliqua
518 1358 565 1386 ex
604 1355 721 1404 parte
750 1338 1065 1407 indulgeamus,

179 1410 338 1470 partim
372 1424 419 1455 ut
448 1423 617 1469 tyrones
652 1406 705 1454 ab
738 1408 821 1455 istis
860 1407 1068 1456 Plutarchi

179 1474 316 1520 verbis
346 1478 392 1520 in
425 1491 611 1520 errorem
638 1473 786 1522 induci
822 1475 859 1523 se
886 1482 1069 1525 minime

180 1545 404 1605 patiantur.

250 1607 389 1668 Qod
426 1624 571 1655 autem
606 1606 807 1672 sequitur,
857 1609 1070 1669 εἰκάθοι)

187 1670 285 1727 εἶναι
310 1675 361 1728 vo*
389 1675 620 1743 ἄξγύειον,
656 1679 868 1727 mendum
895 1683 952 1729 est
982 1700 1072 1729 ma—

186 1745 516 1805 nifestissimum,
561 1763 609 1795 ut
645 1764 741 1794 ante
774 1767 851 1796 nos
902 1756 1076 1798 monuit

190 1814 387 1883 Scaliger,
405 1822 474 1864 cui
505 1824 548 1864 ὃ(
579 1814 958 1865 manifestissimam
986 1837 1075 1866 me-

187 1882 377 1930 dicinam
416 1888 599 1932 minima
641 1890 896 1943 mutatione,
935 1887 1076 1936 unius-

187 1968 274 2018 que
305 1949 481 2002 literulae
511 1951 578 2001 vel
605 1952 784 2001 denariae
816 1971 930 2003 notae
957 1953 1073 2003 addis

189 2023 307 2067 tione
329 2018 454 2067 facias
474 2042 482 2068 ε
506 2019 774 2069 scribendum
805 2027 921 2071 enim
941 2045 950 2071 :
967 2026 1076 2077 Ἀσ-

191 2088 356 2147 caelum
384 2081 437 2158 ᾧ
481 2089 504 2141 ι’
530 2085 590 2141 ζιῦ
617 2090 669 2143 ‘to‘
702 2091 944 2160 α’ςγύφιονε
994 2096 1077 2159 As-

177 2157 282 2220 Jium
305 2154 371 2204 vel
410 2158 648 2223 Affariorum
676 2176 726 2206 X.
760 2174 847 2207 erat
873 2176 1078 2227 argenteus

191 2224 382 2271 denarius.
411 2238 497 2272 erat
531 2230 655 2282 reete,
692 2244 739 2274 ut
782 2244 896 2294 patet
930 2249 979 2276 ex
1014 2228 1078 2276 su-

192 2307 271 2355 pra
302 2291 436 2340 dietis.
486 2293 693 2341 Affarium
716 2312 860 2343 autem
889 2295 1079 2365 intellige

194 2369 507 2421 nummarium,
552 2384 642 2414 non
676 2363 851 2418 ςατικδν
888 2378 931 2417 δε
968 2387 1080 2435 pon-

196 2429 346 2480 derale.
417 2435 540 2480 Tum
569 2438 687 2481 enim
715 2435 896 2484 duarum
931 2436 1080 2486 dracl-

197 2516 368 2547 marum
394 2501 450 2547 est
466 2527 476 2558 ·,
494 2509 537 2549 ὃς
562 2507 649 2563 ejus
672 2500 872 2568 duplum,
888 2509 1082 2573 Dupon-

199 2566 339 2625 dium,
376 2585 575 2636 quatuor,
612 2587 660 2616 ut
684 2569 810 2618 docet
853 2570 1083 2640 Cleopatra

199 2639 246 2682 in
264 2636 511 2684 Cofineticis
531 2658 541 2683 ε
558 2638 786 2698 'Aosce'fflov
814 2641 907 2708 ἔχει
932 2643 1083 2711 &3906-

202 2704 297 2768 μοίς
325 2704 388 2770 β’,
441 2703 667 2758 Δυπέιῆιον
705 2706 729 2770 '13
773 2709 926 2773 ὁμοίως
977 2711 1083 2777 ἄγει

202 2771 431 2841 ὃξᾳχμαζς
457 2773 515 2827 θ’.
532 2775 728 2840 Affarium
737 2776 873 2840 pendit
885 2777 996 2826 dracl.
1004 2797 1087 2827 mas

1904 137 1982 195 29

1102 241 1223 288 duas:
1241 243 1475 307 Dupondium
1485 241 1668 304 similiter
1693 238 1819 286 trahit
1843 238 1984 284 drach-

1100 327 1182 355 mas
1199 325 1365 374 quatuor
1378 336 1388 369 3
1403 307 1591 373 intellige
1615 306 1764 354 itidem
1780 307 1981 364 ςατικοίς,

1103 385 1145 423 &
1172 378 1358 442 pondus,
1395 396 1484 425 non
1525 374 1714 442 aliquem
1742 393 1983 422 nummum

1099 443 1363 494 declarantes.
1436 444 1647 492 Ass'arium
1673 447 1816 511 itaque
1844 443 1985 489 ambi-

1099 517 1174 577 gui
1201 512 1482 580 significatus:
1518 510 1698 559 Assarius
1731 530 1820 559 non
1847 515 1980 568 item3

1099 583 1259 651 semper
1286 593 1401 634 enim
1430 587 1482 634 de
1519 600 1708 632 nummo
1733 582 1984 648 κατῆγοξεῖ-

1100 674 1186 703 πα.
1256 656 1315 701 At
1342 659 1480 704 Graeci
1506 672 1658 702 neutro
1692 651 1843 723 genere
1879 648 1987 696 sern-

1102 736 1176 784 per
1210 718 1423 785 usurpant‚
1460 721 1545 770 sive
1584 723 1636 771 de
1667 739 1870 777 nummo,
1905 715 1992 764 sive

1103 790 1156 838 de
1198 792 1385 857 pondere
1429 794 1604 852 dicatur,
1652 792 1702 843 ‘ch
1742 788 1990 846 ’Amiwm

1106 863 1174 906 Sic
1222 858 1414 908 denarius
1457 868 1502 909 δε
1540 863 1753 908 Sestertius
1789 862 1990 914 nummi,

1105 932 1159 978 ab
1190 931 1337 980 iisdem
1359 929 1409 983 τὸ
1433 929 1670 989 &laudatam
1705 929 1756 982 τό
1784 926 1994 995 σηςὲξτιον

1106 1006 1400 1050 nominantur.
1472 1007 1739 1070 Quanquam
1771 1012 1814 1050 δε
1845 998 1994 1075 ffng‘z'p-

1108 1092 1182 1124 τια,
1208 1089 1392 1118 numero
1417 1068 1609 1137 plurium
1643 1068 1720 1118 illis
1744 1068 1840 1117 sunt
1862 1066 1996 1124 idem,

1110 1137 1233 1206 quod
1257 1138 1432 1193 sestertia
1455 1143 1625 1199 Latinis,
1661 1136 1745 1186 hoc
1781 1139 1861 1193 est,
1898 1134 1999 1183 mil-

1109 1205 1147 1253 le
1191 1212 1366 1255 nummi
1404 1207 1581 1256 sestertii.
1680 1212 1798 1254 Patet
1837 1226 1886 1254 ex
1936 1204 2002 1252 lo*-

1113 1294 1165 1322 co
1194 1277 1308 1324 Fabii
1336 1274 1602 1332 Plutarchici,
1646 1294 1781 1344 quem
1805 1271 1916 1322 infra
1952 1271 2004 1320 il-

1114 1342 1337 1392 lustramus
1379 1353 1422 1392 &
1454 1349 1718 1411 corrigimus.
1790 1342 1903 1392 Vide
1927 1345 2004 1410 Jo-

1115 1409 1228 1477 sephi
1286 1411 1391 1460 Scal.
1446 1412 1794 1461 Dissertationem
1842 1410 1895 1459 de
1939 1414 2010 1458 Re

1118 1483 1392 1529 Nummaria.

1189 1556 1293 1597 Huc
1349 1566 1422 1596 tan
1458 1568 1559 1597 uam
1625 1547 1865 1614 symbolam
1930 1547 2010 1596 alia

1118 1615 1319 1684 quaedam
1347 1569 1621 1676 con}eri111us‚
1649 1622 1726 1685 qui
1753 1636 1844 1664 non
1865 1622 2011 1665 omni-

1121 1685 1198 1730 bus
1229 1686 1355 1732 obvia
1377 1685 1483 1732 sunt.
1547 1689 1756 1733 Denarius
1785 1684 1863 1732 nisi
1891 1703 2010 1734 aetate

1123 1749 1347 1808 Plutarchi,
1384 1770 1427 1800 at
1451 1751 1596 1801 saltem
1624 1771 1716 1800 non
1757 1757 1815 1799 ita
1844 1771 2009 1821 magno

1122 1827 1218 1891 post
1259 1823 1497 1883 interva110‚
1533 1820 1629 1876 οἰντὶ
1658 1826 1716 1875 τέ
1741 1827 2009 1890 >gamzo-pag,

1115 1909 1187 1958 pro
1211 1899 1351 1960 exigua
1370 1894 1487 1959 stipe,
1525 1911 1574 1941 ut
1611 1892 1740 1942 hodie
1766 1899 1811 1941 in
1853 1893 2006 1952 Gallia,

1123 1959 1205 2009 fuit
1237 1962 1468 2029 usurpatus.
1540 1961 1753 2011 Valeriani
1771 1980 1878 2010 certe
1899 1980 2010 2012 tem—

1123 2030 1312 2095 poribus,
1362 2029 1446 2079 hoc
1496 2032 1576 2087 est,
1624 2029 1888 2100 sesquialtero
1923 2037 2012 2081 nati

1125 2099 1283 2147 Christi
1306 2104 1493 2148 Domini
1534 2097 1687 2155 seculo,
1726 2099 1841 2148 hunc
1879 2100 2011 2166 ipfius

1124 2165 1284 2215 denarii
1311 2168 1431 2216 ulum
1462 2172 1650 2215 maxime
1685 2186 1906 2234 receptum
1944 2169 2012 2217 fu-

1125 2235 1193 2282 iffe
1219 2235 1369 2283 scimus
1398 2256 1447 2284 ex
1476 2235 1617 2285 Flavio
1647 2237 1849 2303 Vopisco‚
1893 2235 2010 2302 apud

1126 2322 1260 2372 quem
1294 2309 1339 2352 in
1376 2302 1593 2352 Aureliani
1617 2309 1719 2361 vita,
1756 2309 1894 2370 capite
1931 2323 2011 2352 no—

1126 2391 1186 2420 no
1216 2391 1407 2420 extremo
1443 2370 1583 2421 scribit
1617 2378 1851 2438 Imperator
1887 2371 2013 2420 Vale-

1127 2444 1266 2488 rianus
1314 2441 1368 2489 ad
1400 2440 1614 2489 Albinum
1648 2437 1896 2505 praefecstum
1923 2445 2011 2488 Ur-

1128 2509 1190 2556 bis
1209 2531 1218 2556 :
1255 2515 1444 2557 Decernes
1459 2510 1669 2557 Aureliano
1689 2508 1929 2572 adfltmptus
1939 2527 2012 2556 au·-

1129 2597 1212 2625 reos
1225 2583 1514 2625 Antoninianos
1529 2578 1684 2622 diurnos
1698 2576 1817 2631 binos,
1835 2591 2012 2642 argente—

1130 2666 1171 2693 os
1207 2646 1415 2712 Philippeos
1470 2644 1674 2690 minutulos
1713 2647 2013 2710 quinquagenos,

1131 2717 1218 2761 ceris
1250 2714 1426 2760 denarios
1469 2725 1632 2757 centum.
1658 2715 1920 2759 Antoniniani
1944 2732 2015 2760 au—

1132 2785 1190 2829 rei
1229 2783 1442 2829 Antonini
1474 2778 1584 2844 jussu
1610 2782 1806 2846 primum
1848 2779 2022 2829 conflati

1944 2867 2032 2896 CCI-
