2350 3192
364 143 442 202 24

359 264 460 292 rum
498 242 614 292 Cois.
658 241 814 290 Attilio
863 238 1150 308 Manlioque3
1192 256 1254 287 ter

359 314 433 361 sub
459 313 673 380 Augusto,
697 309 810 358 sexto
834 307 1023 377 denique
1048 308 1111 357 his
1140 314 1255 375 prin-

356 380 539 448 cipibus.
630 378 715 428 Etsi
733 381 912 445 septimo,
950 375 1017 426 vel
1052 375 1162 425 forte
1184 397 1257 424 un-

354 452 518 506 decimo,
557 447 678 496 nullo
721 465 885 514 magno
916 465 1054 493 errore
1081 444 1256 493 scribere

356 519 567 585 potuisset.
640 516 854 564 Discimus
896 520 1014 562 enim
1042 534 1092 562 ex
1126 533 1257 562 num-

357 592 440 635 inis
485 591 691 642 Neronis,
728 589 807 653 qui
857 583 998 632 adhuc
1030 583 1257 632 circumfe-

356 672 512 702 runtur
537 672 642 703 cum
682 651 767 701 hoc
803 657 1141 720 Epigrammate,
1188 656 1257 699 O-

354 722 548 790 nuphrio
580 727 793 770 Panvinio
825 724 925 770 teste
953 727 997 769 in
1024 720 1098 769 suo
1117 722 1256 770 Fasto-

355 812 458 840 rum
490 790 816 840 Consularium.-
833 795 964 839 PACE
984 795 1094 837 Pop.
1115 795 1251 839 RoM.

356 863 543 910 TERRA
559 863 805 919 MARIQJE
832 863 1252 920 PARTA.Q1NCT.

351 934 531 1000 JANUM
575 945 809 977 CLAUSIT:
845 947 895 976 ex
939 927 1018 983 his,
1055 932 1253 994 inquam,

356 1003 551 1047 nummis
579 996 794 1044 evidenter
827 1001 957 1062 primi
993 992 1252 1062 colligimus,

353 1086 456 1114 eum
476 1071 596 1113 toties
608 1069 706 1134 Jani
728 1081 903 1130 portam
927 1062 1124 1120 clausisse,
1142 1083 1254 1133 quo-

355 1139 430 1182 ties
456 1153 557 1183 ante
584 1134 620 1181 se
646 1134 700 1180 ab
723 1134 843 1181 Urbe
873 1132 1047 1181 condita
1064 1130 1254 1180 clausum

354 1221 634 1271 compererat,
669 1198 715 1248 id
743 1202 818 1258 est,
855 1201 1253 1269 quinquieszquod

352 1290 516 1321 vaecors
541 1269 609 1319 ille
640 1276 850 1338 princeps,
887 1274 1062 1336 opinor,
1097 1267 1252 1328 voluit,

349 1359 403 1389 ut
433 1361 486 1388 eo
532 1343 663 1407 padto
702 1358 812 1388 unus
855 1357 1007 1387 omnes
1049 1344 1254 1407 temporis

352 1413 537 1458 anteaffh
575 1414 788 1476 principes
828 1413 874 1455 in
912 1405 1030 1455 bellis
1066 1419 1106 1455 ὃς
1151 1427 1254 1475 pace

351 1477 406 1525 ad
435 1480 658 1527 arbitrium
697 1475 979 1525 conficiendis
1015 1476 1254 1545 adaequaffe

348 1545 576 1594 videretur.
667 1549 791 1592 Nam
816 1543 924 1590 illud
974 1546 1128 1605 Quin&
1169 1545 1254 1593 five

349 1616 546 1681 quinfz‘um
572 1614 710 1661 referri
741 1609 795 1658 ad
827 1612 1078 1678 Augustum
1105 1619 1149 1660 δε
1177 1610 1251 1660 ali—

346 1702 416 1739 os,
453 1687 531 1750 qui
572 1699 670 1728 ante
715 1684 919 1727 Numam
943 1684 1106 1747 Janum
1139 1679 1253 1727 clau-

352 1750 504 1809 serunt,
540 1766 686 1799 vetant
715 1765 813 1815 qua*
845 1745 966 1812 supra
997 1743 1113 1793 dieta
1141 1745 1250 1805 sunt,

357 1829 404 1867 δε
437 1839 487 1868 ex
516 1817 676 1887 quibus
700 1835 791 1864 non
819 1832 985 1883 quater,
1023 1812 1090 1862 sed
1121 1820 1253 1883 quin-

350 1893 474 1957 quies
500 1892 680 2004 sJanum
730 1883 808 1932 effe
856 1881 1046 1935 clausum
1082 1882 1254 1932 abunde

350 1975 498 2024 cogno
515 1960 638 2012 citur,
655 1951 906 2021 priusquam
932 1956 1056 2001 Nero
1083 1953 1137 2001 ad
1163 1958 1253 2000 Im-

353 2030 460 2093 perii
487 2020 776 2092 gubernacula
794 2020 1106 2071 admoveretur.
1128 2026 1251 2070 Hinc

355 2112 514 2161 magna
545 2091 618 2140 lux
649 2095 874 2147 Suetonio,
911 2088 980 2138 vel
1010 2095 1153 2156 potius
1192 2108 1252 2139 te-

355 2164 494 2211 nebrae
521 2160 717 2217 discussae,
753 2178 858 2228 quas
904 2163 1101 2208 Laevinus
1138 2162 1253 2207 Tor-

351 2236 531 2287 rentius,
570 2231 771 2299 &Justus
806 2226 984 2294 Lipfius,
1021 2233 1100 2276 viri
1128 2237 1253 2277 &re-

354 2312 458 2348 rum
485 2308 529 2347 &
573 2301 795 2345 memoriae
837 2316 928 2344 non
964 2294 1250 2364 indiligentes,

356 2373 397 2416 ei
426 2365 718 2421 obduxerunt,
755 2365 864 2412 dum
915 2362 968 2412 ad
1007 2363 1124 2414 hunc
1165 2370 1253 2428 ejus

354 2436 521 2495 locum,
539 2452 647 2483 certe
675 2431 968 2489 clarissimum,
991 2433 1253 2503 nimisquam

358 2505 453 2555 sunt
477 2504 555 2571 ipsi
577 2501 844 2551 hallucinati:
881 2501 1036 2564 Janum
1062 2507 1253 2569 geminum

359 2577 449 2622 clau
466 2589 499 2622 it
537 2577 695 2633 (Nero)
722 2584 804 2617 tam
835 2570 938 2617 nullo
967 2589 1081 2635 quam
1108 2572 1252 2635 refiduo

361 2644 468 2690 bello.
505 2647 615 2690 Haec
640 2645 758 2687 enim
784 2640 911 2686 verba
936 2656 1027 2704 cap.
1063 2657 1153 2686 xlv.
1176 2637 1249 2687 lib.

364 2728 433 2761 vl.
463 2715 681 2779 utrimque
713 2704 981 2775 paragrapho
1010 2706 1162 2755 secerni
1197 2710 1252 2756 ab

359 2780 464 2836 aliis,
500 2797 596 2846 quae
632 2776 889 2827 antecedunt
919 2784 964 2827 ,δέ
993 2773 1252 2846 subsequun-

635 88 1912 207 JO.RUALD1AN1MADVERS

1301 255 1384 296 tur,
1421 237 1592 298 debent,
1629 249 1674 290 δε
1715 244 2051 298 manifestisfimo
2083 257 2195 304 indi-

1302 313 1371 356 cio
1396 309 1505 366 sunt,
1541 329 1566 357 a
1596 313 1776 358 Nerone
1813 313 1956 381 saepius
2007 318 2194 371 clausum

1303 376 1379 424 esse
1418 382 1596 447 Janum,
1645 378 1691 427 id
1730 382 1803 438 est,
1857 388 2100 453 quinquies,
2147 410 2194 440 ut

1303 452 1478 494 nummi
1523 447 1750 513 explicant.
1822 453 1968 519 Negat
2007 457 2196 506 Torren-

1305 519 1388 562 tius
1443 515 1712 564 distrahenda
1750 516 1841 566 haec
1890 523 2019 570 verba
2056 523 2109 570 ab
2150 530 2198 574 iis

1305 602 1402 651 quae
1427 586 1690 651 praecedunt,
1720 596 1764 634 ὃς
1794 584 2030 655 legendum
2060 594 2199 641 existi-

1303 669 1421 700 mat.-
1456 654 1511 700 Ob
1544 673 1627 720 quae
1667 661 1880 718 Imperator
1913 660 2195 723 mosellatenus,

1302 722 1437 768 laurea
1476 727 1517 768 in
1556 723 1782 786 Capitolium
1814 726 1914 783 lata,
1949 727 2103 790 Janum
2127 750 2198 795 ge-

1302 793 1445 836 minum
1483 790 1570 836 clam
1587 805 1633 848 it,
1683 800 1767 839 δίς.
1820 801 1865 841 &
1901 812 2041 860 putat·
2061 796 2197 848 videri

1304 859 1532 906 Neronem
1561 857 1735 907 voluiffe
1749 858 1818 909 illa
1832 863 2032 913 Tiridatis
2053 868 2197 915 osten-

1303 930 1479 984 tatione,
1518 946 1653 996 quam
1679 948 1818 978 narrat
1846 933 2100 991 Historicus,
2117 952 2198 984 ter-

1301 1012 1446 1062 rarum
1491 998 1658 1054 orbem,
1696 1014 1905 1066 tanquam
1938 1001 2059 1049 nullo
2102 1003 2197 1052 refi-

1301 1062 1391 1111 duo
1433 1062 1562 1122 bello,
1607 1069 1824 1132 pacaviffe.
1894 1073 2199 1131 Quamobrem

1302 1137 1474 1200 corrigit
1499 1151 1649 1182 contra
1675 1141 1879 1184 omnium
1907 1136 2111 1188 codicum
2143 1140 2196 1189 fi-

1302 1200 1418 1258 dem,
1457 1211 1501 1249 &
1530 1221 1616 1250 una
1641 1222 1747 1253 cum
1776 1216 1837 1252 'eo
1861 1205 2025 1273 Lipsius
2051 1213 2193 1278 capite

1304 1287 1413 1318 vm.
1445 1270 1517 1319 lib.
1541 1289 1593 1320 11.
1622 1274 1934 1343 Antiquarum,
1949 1277 2105 1341 Janum
2129 1298 2199 1345 ge-

1300 1344 1442 1387 minum
1464 1342 1602 1408 claustt
1628 1355 1814 1409 tanquam
1828 1347 1932 1393 nullo
1959 1348 2101 1412 ressiduo
2117 1348 2196 1396 bel-

1299 1408 1347 1455 lo,
1419 1412 1518 1457 Nos
1548 1415 1731 1479 argutias
1770 1422 1814 1460 δε
1857 1419 2084 1481 ingenium
2106 1413 2197 1464 lau-

1299 1476 1467 1534 damus,
1505 1477 1572 1527 sed
1613 1485 1839 1547 antiquam
1872 1480 2105 1531 leotionem
2133 1505 2196 1532 re-

1299 1550 1486 1591 tinemus
1534 1551 1582 1592 iis
1624 1549 1875 1605 rationibus,
1929 1569 2026 1617 quae
2068 1550 2196 1601 dietae

1298 1612 1403 1659 sunt.
1478 1611 1589 1658 Vult
1621 1611 1745 1680 quod
1777 1633 1870 1670 nos,
1908 1615 2073 1683 elegans
2108 1624 2195 1676 Ca-

1298 1677 1524 1737 saubonuS,
1559 1678 1639 1727 nisi
1668 1681 1790 1749 quod
1817 1687 1916 1731 voci
1939 1685 2094 1749 Janum
2108 1693 2193 1737 vir-

1298 1744 1448 1813 gulam
1474 1764 1646 1796 tantum
1696 1749 2004 1819 praefigendam
2031 1754 2192 1805 censet:

1298 1816 1395 1881 post
1417 1834 1576 1865 vocem
1597 1836 1701 1866 vero
1730 1820 1883 1885 claifit,
1924 1822 2026 1871 bina
2054 1833 2194 1891 punc-

1300 1900 1341 1932 ta
1368 1883 1628 1954 suffigenda:
1667 1895 1712 1937 δε
1749 1895 1936 1939 omnino
1961 1897 2020 1940 ita
2051 1892 2195 1963 legen-

1299 1952 1434 2001 dum:
1481 1956 1527 2002 ob
1563 1976 1645 2022 quae
1682 1963 1775 2024 Imp.
1817 1962 1959 2026 consal.
1986 1963 2122 2010 laurea
2151 1969 2194 2012 in

1300 2025 1460 2088 Capitol.
1488 2025 1589 2084 lata,
1627 2025 1784 2090 Janum
1806 2033 1997 2094 geminum
2027 2032 2192 2096 claifit:

1300 2093 1438 2156 clafft
1478 2097 1577 2139 enim
1613 2108 1696 2142 tam
1733 2097 1851 2152 nullo,
1895 2116 2009 2163 quam
2047 2100 2192 2161 residuo

1299 2159 1405 2206 hello.
1477 2165 1544 2209 Ut
1586 2180 1725 2212 narret
1766 2169 2010 2224 Suetonius,
2048 2172 2192 2217 Nero—

1299 2246 1401 2276 nem
1435 2230 1494 2278 ob
1523 2228 1760 2280 adventurn
1779 2232 1996 2292 Tiridatis,
2027 2240 2191 2306 Janum

1299 2295 1494 2355 claufiffe,
1531 2297 1576 2345 id
1613 2319 1664 2347 ue
1689 2298 1793 2367 saepe
1819 2300 1916 2350 alias
1942 2304 2075 2353 feciffe
2098 2326 2191 2355 non

1299 2364 1474 2414 meliore
1504 2319 1636 2427 causa,
1676 2387 1818 2438 neque
1849 2369 1966 2420 bellis
2004 2379 2191 2425 omnino

1298 2434 1558 2500 compositis.

1367 2508 1478 2551 Haec
1507 2522 1639 2570 porro
1662 2525 1766 2554 cum
1793 2506 1891 2566 fint,
1918 2529 2010 2560 non
2035 2517 2190 2577 injuria

1299 2573 1500 2626 κλξίσεων
1521 2574 1757 2623 istiusmodi
1787 2582 1998 2628 rationem
2026 2581 2189 2630 nullam

1300 2640 1375 2688 sibi
1418 2639 1661 2690 habendam
1693 2652 1858 2710 putavit
1898 2648 2090 2707 OrosIUS,
2143 2661 2188 2700 &

1299 2711 1462 2758 sextum
1484 2729 1508 2757 a
1529 2711 1784 2779 Vespasiano
1801 2715 1938 2764 aedem
1962 2722 2058 2787 Jani
2073 2716 2189 2767 clau-

1303 2777 1389 2827 sam
1424 2777 1628 2847 prodidit,
1664 2781 1783 2853 quasi
1823 2785 1877 2833 ab
1905 2786 2106 2854 Augusto
2135 2788 2191 2838 ad

2075 2852 2192 2906 hunc
