2350 3192
441 131 1666 191 INPLUTARCHUM.
1947 158 1976 211 ς

150 255 204 302 lia
219 255 405 320 peditum,
441 256 586 300 treceni
618 255 763 316 equites
793 250 919 314 effint.
994 254 1036 296 Si

152 327 338 369 centenis
368 318 519 369 additis
548 321 720 366 trecenti
751 333 921 363 tantum
947 315 1038 363 fue-

148 407 264 446 runt,
314 394 444 457 igitur
481 384 676 452 vulgatus
716 402 918 431 numerus
959 384 1039 431 du-

149 475 356 505 cenorum
386 472 482 503 erat.
553 451 676 514 Quid
699 450 784 500 hoc
811 455 1036 500 ratiocinio

149 522 296 572 clarius
350 518 562 571 firmiusve
613 517 698 567 dici
735 535 809 566 aut
853 523 1038 568 inveniri

150 593 318 658 potest?
351 586 483 636 Addo
504 591 633 633 etiam
651 590 697 633 in
729 591 907 652 Imperii
934 588 1038 635 flore

150 678 240 707 non
270 656 458 723 pluribus
499 672 635 723 quam
669 655 755 702 istis
795 654 969 702 ducenis
997 675 1038 701 e-

186 725 338 773 uitibus
361 722 543 791 singulas
567 722 754 790 legiones
767 727 929 769 muniri
944 741 1038 789 per-

150 746 252 858 Eepe
282 791 486 858 placuisse.
560 796 697 852 Cujus
740 795 800 838 rei
835 789 944 838 mihi
978 792 1036 838 est

147 863 297 908 audior
322 878 370 907 ac
401 861 511 906 testis
540 856 1038 928 locupletiffimusJulius

151 925 286 976 Caesar
309 933 355 975 in
379 933 497 976 rectis
523 936 566 974 ὃς
582 925 877 983 venustissimis
895 945 1039 973 rerum

150 995 317 1044 suarum
341 999 691 1044 Commentariis.

220 1067 283 1112 Ex
322 1063 398 1120 his,
436 1063 589 1111 eodem
628 1064 707 1110 isto
732 1061 904 1132 Juliano
948 1082 1041 1112 aevo

153 1129 327 1200 perinde
356 1151 402 1180 ac
428 1131 680 1195 PolybianO,
708 1131 809 1197 ipsas
836 1149 884 1179 ut
909 1133 1043 1197 pluri-

153 1218 280 1248 mum
306 1199 490 1268 legiones
517 1199 634 1247 fuiffe
661 1197 1043 1267 quatermillenari-

153 1286 195 1315 as
238 1266 323 1316 fere
351 1267 415 1317 vel
445 1272 631 1316 omnino
669 1273 811 1333 potius
850 1267 957 1316 mihi
993 1266 1042 1315 li-

153 1354 269 1403 quet.
343 1342 394 1384 In
423 1355 494 1384 111.
536 1341 605 1383 De
634 1334 745 1383 bello
776 1334 924 1393 Civili,
961 1333 1043 1384 iec—

152 1409 270 1451 tione
308 1420 569 1453 Lxxxvm.
614 1405 687 1452 ubi
719 1421 899 1473 utraque
937 1409 1043 1453 acies

153 1469 323 1519 Caeiaris
367 1481 410 1518 &
442 1477 633 1536 Pompeii
663 1472 862 1536 graphice
895 1471 1043 1521 descri-

150 1540 311 1587 buntur
327 1544 593 1604 :Numeroque
621 1539 794 1585 cohortes
817 1555 894 1584 cx.
910 1544 1042 1584 Pom-

154 1610 272 1672 peius
304 1607 555 1670 expleverat,
636 1610 729 1650 Haec
766 1619 879 1652 erant
921 1607 1041 1653 millia

157 1692 271 1722 XLV.
342 1676 440 1720 Nec
466 1676 583 1719 enim
610 1670 802 1718 ferendos
842 1672 919 1719 esse
949 1673 1042 1720 vul-

154 1760 274 1810 gatos
304 1740 483 1796 codices,
499 1745 544 1787 in
566 1741 719 1808 quibus
737 1737 893 1807 insigni
920 1758 1042 1788 rnen-

154 1811 213 1859 do
252 1810 402 1877 legitur
440 1809 562 1857 millia
599 1826 677 1856 Lv.
705 1825 820 1856 notae
861 1808 1040 1858 denariae

153 1876 265 1926 facili
294 1875 423 1945 lapsu,
460 1894 550 1924 tam
588 1874 683 1924 libri
711 1894 860 1923 omnes
889 1895 1042 1924 manu-

155 1944 323 2012 scripti,
373 1951 449 2015 qui
492 1942 671 2014 quidem
716 1949 762 1991 in
804 1948 1037 2002 Torrentii‚

154 2019 394 2071 Ciacconii,
442 2023 485 2062 δε
526 2012 672 2062 Ursini
709 2031 861 2060 manus
910 2032 1040 2060 vene-

151 2100 265 2140 runt,
282 2101 416 2152 quam
436 2080 620 2130 aliorum
645 2084 874 2128 aud’torum
904 2081 956 2130 de
977 2081 1041 2130 iis-

153 2151 254 2199 dem
294 2150 541 2199 exercitibus
586 2148 758 2197 illustria
801 2151 1041 2198 testimonia

153 2219 324 2267 spadent
365 2237 492 2287 atque
539 2223 807 2286 pervincunt.
882 2216 1042 2267 Plutar-

154 2285 257 2335 chus
299 2292 344 2334 in
377 2287 536 2336 Caesare
574 2305 672 2354 pag.
706 2302 880 2334 chvi.
911 2285 972 2340 [ὦ
1015 2289 1041 2354 ’3

155 2360 190 2432 23}
233 2358 306 2421 ἦ)
341 2360 476 2428 πεζῶν
514 2359 693 2416 πλῆθθ
731 2362 786 2413 ἐκ
813 2360 1040 2428 α’[ᾖζώμαι

154 2451 242 2498 λον,
290 2435 428 2488 dmm?
468 2433 831 2501 τετξρικισμύαοι
879 2435 914 2508 ιζ]
949 2457 1042 2488 πει]4

154 2508 396 2581 τσικιςζίλιοι
425 2506 714 2575 παξετοίτἾονἾο
742 2507 1038 2582 δισμυρμίοιςιέ

154 2581 372 2657 ὢχιλίοις,
412 2580 575 2627 Scilicet
607 2577 758 2627 Caefiiri
789 2579 926 2647 (quod
956 2584 1040 2648 ipse

189 2668 330 2717 uoque
367 2647 475 2695 libro
508 2646 722 2695 antedicto
755 2648 1040 2713 postmodum

155 2670 348 2773 declarat)
364 2715 559 2783 peditum
579 2713 710 2762 millia
723 2732 833 2762 xxn,
851 2715 1036 2766 aderant.

155 2794 376 2859 Appianus
419 2795 464 2838 in
500 2808 549 2839 11.
587 2787 756 2853 ἐμφυλ.
787 2783 1039 2854 ΣύμπανἿα.

318 2867 336 2896 5

1091 251 1160 309 (de
1193 257 1462 318 Pompeiano
1505 257 1691 301 exercitu
1744 251 1880 300 sermo
1919 251 1980 300 illi

1087 325 1162 380 est)
1191 322 1357 390 oe’ch‘go'Jv
1387 322 1571 374 Ἰταλῶν
1600 320 1749 374 ’ἕνδεκα
1769 321 1985 393 'sinn-igi-

1088 408 1155 439 tur
1183 410 1259 440 cx.
1291 392 1501 448 cohortes,
1540 410 1650 460 quot
1690 398 1878 440 omnino
1908 412 1984 440 an-

1087 476 1127 506 te
1154 458 1291 508 Caesar
1316 460 1452 508 dixit:
1489 478 1591 508 nam
1625 465 1671 507 in
1704 458 1873 526 legione
1911 461 1983 508 de-

1087 546 1183 574 cem
1213 529 1422 584 cohortes,
1449 545 1497 575 ut
1552 532 1638 575 ueri
1666 546 1840 576 norunt.
1860 527 1984 576 Idem

1087 597 1313 659 Appianus
1348 598 1445 662 post
1490 601 1736 664 aiquanto:
1776 595 1984 657 Kaio-0232

1087 660 1170 730 μῖζβ
1198 667 1235 718 ἐς
1257 665 1458 737 &zygodes
1474 663 1556 718 &932
1576 663 1836 729 ὃισμυεὶοις·
1852 674 1982 731 Πομ-

1087 736 1190 804 πηΐῳ
1221 736 1245 800 ὀ
1272 738 1377 803 ὑπὲξ
1410 738 1461 789 ‘rox
1489 737 1739 791 θιπλοίσιον.
1798 743 1920 785 Cum
1949 743 1983 785 i-

1088 812 1203 873 gitur
1243 826 1515 875 unaquaeque
1556 808 1669 874 legio
1715 809 1866 856 decem
1911 829 1984 855 co-

1088 875 1228 924 hortes
1272 875 1434 941 semper
1472 874 1678 930 habuerit,
1725 893 1774 921 ut
1802 879 1983 933 constat,

1093 953 1136 991 δέ
1166 964 1216 992 ex
1244 943 1327 993 hoc
1354 961 1541 1010 utroque
1555 942 1726 990 Caesaris
1753 960 1883 1010 atque
1897 947 1987 1010 Ap-

1089 1017 1207 1078 piani
1232 1011 1333 1060 loco
1356 1016 1484 1060 nimis
1520 1009 1682 1079 liquet:
1720 1011 1916 1077 profeo'to
1940 1017 1987 1059 in.

1090 1079 1273 1149 fingulas
1311 1086 1398 1144 ejus
1436 1085 1642 1146 temporis
1677 1076 1874 1127 cohortes
1904 1084 1988 1146 (ju-

1090 1151 1166 1197 stas
1204 1159 1248 1197 &
1288 1147 1514 1217 legitimas,
1568 1166 1709 1217 neque
1750 1147 1894 1215 aliqua
1924 1166 1987 1194 re-

1091 1236 1211 1266 cente
1233 1220 1367 1285 strage
1387 1221 1642 1264 imminutas
1674 1225 1717 1263 &
1747 1214 1910 1272 accisas,
1937 1212 1988 1273 fi}

1091 1302 1165 1333 cut
1192 1284 1436 1335 Caesarianae
1472 1284 1704 1332 commisso
1742 1284 1796 1332 ad
1830 1290 1988 1348 Dyrra-

1091 1354 1240 1402 chium
1277 1352 1433 1422 proelio
1469 1351 1600 1420 paulo
1652 1368 1758 1402 ante,
1801 1350 1984 1408 fuerant,

1091 1442 1187 1491 quae
1201 1440 1423 1490 propterea
1453 1440 1642 1470 numero
1663 1421 1759 1468 licet
1788 1424 1989 1488 odiogin-

1091 1507 1134 1537 ta
1185 1492 1326 1546 essent,
1377 1510 1470 1538 non
1502 1489 1627 1554 plura
1665 1507 1809 1535 tamen
1852 1507 1988 1555 quam

1089 1558 1293 1621 praediCta
1319 1557 1408 1603 duo
1440 1565 1483 1603 δε
1509 1560 1664 1622 viginti
1700 1552 1836 1602 millia
1869 1554 1984 1602 mili*

1091 1640 1188 1671 tum
1227 1623 1466 1691 capiebant,
1516 1641 1563 1672 ut
1602 1642 1652 1670 ex
1694 1620 1784 1688 ipso
1825 1622 1986 1671 Caefire

1090 1691 1251 1739 ibidem
1295 1690 1560 1758 intelligitur)
1591 1689 1748 1737 milites
1785 1710 1900 1737 cccc.
1940 1701 1984 1739 &

1089 1763 1134 1806 in
1171 1757 1375 1827 legioneS,
1432 1765 1538 1807 item
1575 1758 1719 1824 plenas
1758 1757 1982 1827 justasque,

1090 1844 1158 1876 1V.
1185 1827 1320 1876 millia
1356 1845 1506 1894 praeter
1544 1844 1721 1893 propter
1761 1825 1982 1876 veneruntss

1089 1895 1324 1965 Quicquid.
1338 1914 1488 1945 contra
1511 1895 1840 1951 Othomannus,
1881 1894 1984 1942 Gla-

1087 1983 1250 2022 reanus,
1289 1969 1529 2021 Manutius,
1567 1963 1763 2019 Ursinus,
1801 1968 1983 2011 Ciacco-

1088 2038 1199 2090 nius,
1213 2034 1311 2082 deni
1349 2054 1400 2082 ue
1428 2053 1527 2101 grex
1551 2050 1666 2081 totus
1696 2039 1981 2097 interpretum

1091 2102 1259 2150 Caefitris
1288 2054 1351 2151 a}
1374 2104 1526 2150 locum
1559 2099 1883 2168 suprascriptum
1919 2118 1982 2147 at-

1089 2168 1300 2227 tulerunt,
1333 2176 1445 2219 irrita
1483 2175 1714 2217 conamina
1747 2178 1790 2216 &
1820 2187 1979 2215 monu—

1089 2257 1236 2288 menta
1259 2245 1360 2287 vani
1388 2239 1539 2287 laboris
1567 2238 1673 2286 sunt.
1702 2241 1865 2305 Neque
1886 2240 1990 2295 ΑιιήΑ

1089 2310 1200 2374 gusti
1225 2317 1355 2377 atque
1371 2309 1535 2355 Tiberii
1555 2311 1796 2374 principatu
1823 2322 1977 2360 nume-⁴

1089 2376 1222 2424 rosior
1248 2376 1365 2426 fuiffe
1390 2375 1503 2444 legio
1525 2375 1705 2430 videtur,
1744 2391 1790 2420 ut
1817 2370 1977 2428 Annali

1088 2451 1233 2511 primo
1274 2446 1396 2503 clare,
1441 2441 1604 2493 tametsi
1636 2440 1753 2510 quasi
1790 2439 1905 2487 aliud
1931 2458 1975 2486 a·

1088 2514 1245 2582 gendO,
1257 2514 1418 2562 indicat
1439 2520 1574 2561 Corn.
1601 2515 1789 2563 Tacitus,
1811 2513 1856 2555 in
1880 2526 1977 2555 nar-

1088 2589 1250 2631 ratione
1281 2602 1449 2650 magnae
1487 2579 1712 2633 seditionis,
1764 2595 1860 2644 quae
1895 2578 1974 2623 staa

1089 2657 1171 2699 tim
1191 2653 1287 2719 post
1321 2655 1541 2699 interitum
1577 2646 1777 2712 Augusti,
1818 2655 1860 2693 &
1897 2649 1976 2691 Ti-

1089 2722 1204 2768 berio
1242 2724 1315 2768 vix
1369 2717 1474 2765 dum
1504 2722 1765 2780 Imperatore
1787 2711 1977 2771 salutato,

1088 2788 1274 2856 legiones
1318 2785 1523 2836 inferioris
1569 2786 1812 2831 Germanice
1853 2779 1982 2829 inces-

1908 2848 1986 2898 sit:
