2350 3192
444 136 580 194 IN
685 129 1680 190 PLUTARCHUM.

152 258 196 306 be
242 270 332 305 ante
383 258 596 303 memoriam
618 255 733 319 fitam
776 251 958 314 clausum,
995 253 1036 295 in

154 326 272 373 multo
313 325 483 372 breviori
519 323 692 385 temporis
720 320 866 382 spatio,
928 329 1036 363 terra

155 397 324 458 marique
351 408 446 457 pace
467 402 600 454 parta,
636 401 697 433 ter
725 385 872 448 clausit.
888 387 1036 443 Qem

155 459 305 508 locum
338 457 515 527 quidam
537 472 673 520 nuper
693 449 908 499 sollicitare
935 450 1036 508 auli,

159 547 288 596 atque
308 527 412 575 adeo
442 528 572 577 tertio,
610 525 830 586 corrigere,
868 537 914 566 ut
939 525 1040 566 Sue-

160 601 282 644 tonio
312 605 355 643 &
385 589 606 639 Plutarcho
637 592 805 653 penitus
835 592 1042 635 conveni-

161 681 236 719 ret,
272 659 384 726 seipsi
421 654 693 725 corrigendos
730 654 818 702 aliis
845 660 1042 702 acutiori-

162 730 238 777 bus
273 731 441 776 Criticis
463 725 753 792 praebuerunt-
770 722 895 771 Clare
922 741 1045 771 nam-

1894 150 1963 186 21

1084 264 1166 295 tum
1213 251 1385 314 occlusit,
1431 252 1486 306 ὠς
1519 250 1664 318 ρι’ξγῖνης
1688 249 1807 310 ἔσης,
1852 248 1980 300 addit.

1084 326 1171 382 ejus
1195 323 1417 380 breviator,
1452 317 1660 375 παιῆελές
1686 319 1972 385 τοῒςῬωμοώ

1086 411 1165 445 mg:
1194 407 1292 454 pace
1317 406 1425 439 terra
1449 397 1618 458 marique
1634 408 1752 457 parta
1774 399 1967 441 Romanis.

1086 460 1282 505 Testatur
1314 467 1358 506 ὃς
1394 459 1544 508 Paulus
1582 460 1760 508 Orosius
1796 461 1867 508 lib.
1901 480 1968 510 v1.

1088 544 1178 591 cap.
1226 544 1336 574 XXI.
1380 529 1691 576 Historiarum.-
1737 530 1981 576 Cantabricae

1088 595 1264 640 vifforiae
1286 596 1386 641 hunc
1413 597 1588 643 honorem
1615 599 1738 663 Caefhr
1763 598 1914 656 detulit,
1930 613 1975 645 ut

1090 674 1184 706 tunc
1206 681 1351 727 quoque
1374 663 1462 710 belli
1478 679 1616 729 portas
1640 666 1803 729 claustro
1827 667 1976 713 cohihe-

1091 733 1128 774 ri
1142 728 1315 793 juberet.
1387 738 1454 778 Ita
1492 746 1586 779 tunc
1617 735 1787 798 ficundo
1805 750 1877 799 per
1902 742 1977 781 Cae-

161 815 246 865 que
266 795 359 844 vult
396 799 636 850 Suetonius,
674 797 856 839 unicum
894 793 1046 858 Augu-
1081 799 1227 863 frtrem,
1286 812 1426 862 quarto
1468 801 1550 863 past
1601 801 1740 848 Urbem
1787 803 1986 850 conditam

160 867 273 913 stum
294 868 342 911 in
371 862 514 911 multo
527 861 710 909 breviori
736 865 937 926 temporis
961 860 1048 927 spa—

164 938 227 980 tio
258 937 320 991 (in
346 930 434 979 solo
458 928 682 986 decennio)
713 926 858 995 saepius
887 927 1049 977 claufis-

164 999 203 1047 se
226 1005 400 1069 Janum,
435 1018 570 1067 quarn
609 1015 761 1045 omnes
801 1014 1051 1063 temporum

168 1085 279 1116 retro
306 1070 503 1116 aetorum
535 1066 660 1114 duces
701 1075 744 1114 &
776 1070 1052 1131 Imperatores

167 1138 221 1185 ab
250 1141 413 1203 origine
452 1135 583 1183 Urbis
624 1132 678 1183 ad
715 1139 802 1196 ejus
839 1138 1054 1200 principa-

169 1222 294 1253 tum:
330 1203 374 1253 hi
399 1202 549 1252 scilicet
575 1202 654 1259 bis,
691 1218 752 1249 ter
773 1200 856 1259 ille,
881 1201 967 1251 hoc
997 1201 1056 1251 ef—

170 1273 371 1321 fecerunt.
441 1277 564 1320 Tertio
593 1271 804 1327 substitue,
840 1276 936 1339 quis
965 1290 1058 1320 ver—

173 1340 331 1387 borum
356 1345 548 1389 Suetonii
572 1337 703 1388 sensus
738 1338 934 1406 supererit
965 1358 1058 1388 non

172 1406 300 1474 plane
323 1407 523 1456 ridiculus
556 1427 603 1457 ac
640 1405 932 1473 despuendus?
969 1413 1060 1456 Ηλ-

174 1475 245 1522 bet
267 1493 398 1540 porro
434 1474 503 1522 hic
539 1474 877 1540 diligentissimus
911 1478 1060 1525 Histo-

172 1547 295 1597 ricus,
325 1563 346 1589 e
367 1541 645 1607 scriptoribus
658 1546 860 1608 antiquis,
877 1548 955 1608 qui
981 1561 1060 1606 pro

174 1608 213 1655 se
233 1625 452 1676 pugnent,
477 1618 521 1655 &
546 1606 668 1675 quod
694 1609 827 1655 verbo
852 1606 976 1664 dixit,
993 1606 1062 1657 fu-

176 1678 212 1724 se
239 1694 399 1745 perque
421 1692 555 1741 partes
590 1673 876 1722 testificentur.
940 1679 1064 1722 Nam

176 1746 427 1812 Augustum
452 1761 623 1791 nonum
650 1741 898 1801 Consulem,
935 1741 1064 1806 Sylla-

179 1831 240 1860 no
269 1812 444 1879 collega,
480 1814 540 1858 U.
556 1816 610 1859 C.
631 1829 747 1859 anno
764 1828 1061 1860 Dccxxvm.

214 1898 383 1928 uartum
401 1884 499 1995 {ani
522 1898 662 1946 portas
681 1877 937 1936 obseraviffe,
955 1879 1068 1928 caus-

175 1899 351 2017 quue
380 1969 401 1996 c
422 1947 549 1997 usurae
585 1947 711 2010 hujus
751 1945 913 1996 bellum
950 1946 1067 1997 fuiffe

182 2019 496 2064 Cantabricum
547 2021 594 2063 in
637 2015 842 2082 Hispania
894 2014 1068 2065 feliciter

182 2083 448 2142 confeowm,
486 2084 595 2132 sicut
625 2089 768 2140 tertiae,
783 2083 867 2132 hoc
889 2086 962 2141 est,
984 2090 1070 2150 pri-

182 2158 265 2200 oris
291 2155 532 2221 Augustaeae
559 2154 737 2201 Astiaca
760 2155 940 2200 vistoria
978 2153 1068 2202 fue-

185 2238 248 2268 rat
266 2241 317 2268 ex
347 2221 574 2287 Cleopatra
601 2231 644 2269 δε
676 2224 743 2268 Μ.
762 2222 976 2278 Antonio,
992 2222 1070 2270 do-

190 2305 255 2335 cet
288 2293 377 2336 Dio
409 2295 619 2351 Coccejus
640 2287 750 2337 libro
783 2307 856 2337 111.
890 2299 933 2337 &
959 2309 999 2338 L.
1025 2296 1071 2338 in

192 2373 262 2403 IX.
314 2358 500 2423 Augusti
553 2356 789 2405 Consulatu
854 2375 1069 2407 extremo:

191 2424 421 2491 Ail‘yze&
448 2424 525 2489 μὲν
551 2425 710 2477 ταῦτα’
736 2448 782 2478 τε
815 2430 901 2483 τοῖς
944 2426 1072 2481 πολέ-

191 2520 287 2562 μοις
315 2498 444 2568 (πρρς
484 2496 566 2552 τξὲς
601 2495 862 2565 ΚανἾοίὲξδς)
891 2501 1073 2569 ἕπρριξε,

191 2571 226 2643 ⁷5}
270 2572 319 2624 τό
354 2576 414 2623 Tr?
453 2574 558 2623 loeva}
599 2570 848 2636 τεμὲνισμα.
882 2574 1076 2642 α’νοιχθὲν

194 2646 246 2697 δι’
281 2645 422 2700 onir&
465 2646 661 2697 ἔκλεισεν.
730 2648 928 2713 Augustus
971 2652 1077 2698 bellis

200 2716 404 2777 (adversus
443 2715 705 2771 Cantabros)
744 2719 786 2761 in
811 2716 909 2762 hunc
935 2720 1080 2765 modum

188 2786 419 2853 profligatis,
455 2785 558 2850 Jani
585 2785 762 2851 templum
787 2783 831 2830 oh
859 2801 906 2830 ea
935 2790 1082 2852 referor

1095 865 1248 929 clausus
1270 865 1322 928 est
1348 866 1497 930 Janns.

1166 943 1301 1004 Super
1351 939 1592 1006 Augustaeae
1637 945 1735 1011 Jani
1782 935 1984 993 κλείσεως

1098 1010 1227 1055 tertiae
1256 1024 1450 1073 tempore
1474 1006 1627 1055 eruditi
1657 1013 1808 1057 Critici
1835 1009 1993 1058 serram-

1100 1080 1208 1123 inter
1233 1074 1269 1123 se
1300 1080 1576 1142 reciprocant.
1661 1081 1713 1124 In
1743 1083 1887 1143 primo
1930 1083 1990 1126 E-

1101 1142 1313 1192 lectorum
1346 1150 1484 1211 capite
1520 1162 1611 1193 XX.
1645 1147 1789 1216 Justus
1824 1144 1991 1213 Lipsius

1104 1231 1197 1259 eam
1237 1211 1292 1261 ad
1337 1231 1407 1262 XI.
1453 1215 1639 1281 Augusti
1685 1212 1986 1271 Consulatum,

1104 1279 1187 1329 hoc
1217 1283 1289 1338 est,
1327 1281 1381 1330 ad
1412 1283 1467 1329 A.
1498 1286 1556 1330 U.
1585 1287 1640 1330 C.
1660 1299 1898 1332 Dccxxx.
1927 1302 1991 1330 re—

1105 1346 1199 1407 fert,
1236 1369 1286 1397 ex
1324 1349 1593 1417 inscriptione
1633 1352 1850 1413 cujusdam
1887 1349 1994 1418 lapi-

1107 1415 1184 1474 dis,
1203 1423 1280 1487 qui
1308 1424 1502 1468 Emeritae
1534 1421 1738 1488 Augustae
1769 1425 1815 1468 in
1842 1420 1997 1487 Hispa-

1108 1491 1202 1533 nia:
1241 1492 1382 1534 IMP.
1412 1493 1548 1534 CAES.
1580 1494 1862 1535 DIVI.FIL.
1888 1496 1998 1535 AU-

1108 1559 1357 1598 GUSTUS.
1386 1559 1559 1599 PONT.
1592 1559 1749 1601 MAX.
1771 1560 1892 1601 COS.
1910 1561 1989 1602 XI.

1110 1624 1437 1667 TRIBUNIC.
1469 1627 1662 1668 POT.X.¹
1690 1628 1833 1669 I'M'P.
1858 1629 1997 1672 VIIIL

1112 1692 1291 1733 ORBE.
1319 1693 1504 1734 MARI.
1542 1693 1624 1734 ET
1647 1694 1863 1737 TERRA.
1901 1697 2000 1738 PA-

1114 1759 1280 1801 CATO.
1303 1760 1559 1802 TEMPLO
1584 1755 1753 1819 JANI
1779 1763 1995 1807 CLUSO.

1114 1822 1196 1871 Sed
1219 1820 1376 1871 fallitur
1401 1822 1579 1889 Lipsius,
1618 1842 1664 1872 ut
1695 1826 1753 1872 est
1785 1825 2000 1875 Casaubo-

1113 1908 1175 1937 no
1207 1893 1319 1938 reste
1361 1892 1716 1941 animadversum.
1784 1895 1918 1943 Haud
1961 1916 2003 1944 e-

1114 1964 1210 2006 nim
1230 1960 1304 2007 iste
1330 1958 1436 2026 lapis
1471 1961 1647 2017 indicat,
1685 1979 1777 2031 quo
1803 1968 2002 2033 annoJae

1114 2045 1193 2075 nus
1230 2027 1283 2074 ab
1331 2030 1531 2096 Augusto
1568 2027 1700 2078 clusus
1734 2028 1873 2088 fuerit,
1935 2030 2003 2082 sed

1114 2113 1285 2144 tantum
1309 2101 1418 2145 inter
1445 2115 1698 2165 argumenta
1733 2098 1910 2149 summae
1954 2100 2004 2148 il«

1115 2163 1195 2213 lius
1234 2162 1439 2214 felicitatis
1472 2166 1687 2224 templum
1717 2172 1815 2237 Jani
1858 2169 1911 2217 ab
1951 2188 2002 2217 eo

1117 2232 1279 2281 clusum
1304 2239 1442 2300 ponit.
1474 2228 1633 2303 Neq‘ue
1653 2255 1754 2283 vero
1778 2235 1857 2302 ipsi
1871 2256 2003 2304 prop.

1118 2318 1228 2349 terea
1283 2301 1537 2351 Casaubono
1587 2305 1788 2362 assentiar,
1823 2303 2002 2352 eandem

1119 2373 1396 2423 contendenti
1423 2376 1579 2425 κλεῖσιν
1596 2381 1640 2424 in
1668 2375 1868 2423 nascentis
1891 2377 2006 2424 Mes-

1121 2443 1188 2491 siae
1218 2461 1412 2509 tempora
1438 2450 1550 2507 rejici
1585 2461 1794 2510 oportere,
1838 2444 2014 2493 tametsi.

1122 2515 1174 2560 ab
1202 2531 1254 2559 eo
1276 2513 1353 2559 stet
1382 2509 1573 2577 pluribus
1603 2530 1693 2558 uno
1725 2509 1828 2558 locis
1855 2513 2006 2561 Paulus

1124 2580 1318 2636 Orosius,
1356 2586 1475 2643 cujus
1501 2579 1590 2627 haec
1616 2581 1742 2626 verba
1762 2581 1905 2626 statim
1926 2586 2008 2629 ini-

1123 2654 1186 2697 tio
1218 2651 1535 2697 Historiarum:
1607 2665 1661 2692 11ae
1687 2648 1821 2711 Christi
1852 2654 2008 2697 nativi-

1125 2732 1190 2764 tas
1211 2719 1300 2784 fait
1333 2735 1432 2762 armo
1472 2719 1622 2779 Imperii
1660 2716 1817 2780 Caesaris
1844 2720 2009 2782 Augusti

1129 2802 1252 2834 XL11.
1285 2781 1477 2845 (mallem
1504 2799 1605 2830 xm.
1635 2801 1707 2832 aut
1735 2788 1876 2850 potius
1905 2798 2005 2843 XL.)

1932 2873 2017 2901 CIHn
