2350 3192
351 154 422 190 22.

349 271 436 300 cum
454 251 564 315 fafla
578 266 676 316 pace
701 268 786 298 cum
810 248 985 305 Parthis,
1023 248 1132 312 Jam'
1145 263 1238 313 por-

348 335 398 367 tae
420 314 557 385 clausae
572 317 688 382 sunt,
727 323 788 375 &⁵
813 318 912 366 bella
940 330 1023 365 toto
1046 317 1133 364 orbe
1159 319 1238 383 ces-

335 391 497 455 sarunt.
533 393 636 436 Hoc
665 405 844 457 quoque
868 385 1008 435 suadet
1036 382 1240 432 fusissime

348 455 445 506 libri
478 473 551 504 111.
576 475 668 524 cap.
692 472 804 503 v111.
842 457 897 503 Et
920 454 1031 503 libro
1049 471 1117 503 VI.
1146 472 1238 521 cap.

351 535 487 574 xxii.
513 534 570 574 A.
601 534 649 573 U.
679 531 718 572 C.
749 541 934 573 Dchn.
973 531 1012 572 C.
1041 524 1242 589 Augustus

347 595 398 641 ab
425 600 582 642 Oriente
601 599 643 641 in
655 594 916 649 Occidentem,
930 613 955 640 a
979 597 1241 659 Septentrione

346 667 390 709 in
415 664 643 719 Meridiem,
658 682 707 710 ac
719 678 792 728 per
816 675 941 710 totum
955 665 1101 709 Oceani
1116 666 1240 709 curri-

348 733 476 779 culum
502 733 652 779 cunHis
671 731 855 799 gentibus
868 750 949 779 una
952 747 1051 797 pace
1068 731 1241 797 compost-

345 804 417 857 tis,
432 800 541 865 Jam‘
558 816 698 867 portas
722 806 841 848 tertio
869 803 947 866 ipse
972 813 1067 848 tunc
1090 801 1239 864 clacfit.

415 869 498 918 Sed
524 869 665 936 ipsum
684 869 856 917 bonum
877 867 1089 916 Orofium
1105 886 1241 937 quam

345 938 459 1006 fugit
485 943 610 995 ratiO,
637 943 715 1007 qui
738 935 948 986 clusuram
972 934 1091 985 illam
1115 933 1242 984 refert

347 1005 402 1054 ad
457 1024 627 1072 tempus
683 1010 773 1054 nati
810 1008 944 1054 nostri
991 1010 1238 1063 Servatoris‚

346 1093 482 1144 quam
511 1073 694 1141 planum
715 1075 790 1130 est,
830 1084 873 1122 δε
901 1072 987 1141 ipse
1013 1074 1103 1123 satis
1128 1073 1241 1122 indi-

347 1162 428 1203 cat,
440 1148 538 1192 totis
565 1140 715 1192 decem
744 1153 788 1192 &
819 1142 980 1210 septem
1008 1149 1129 1192 annis
1154 1147 1242 1210 pri-

345 1231 470 1260 orem
491 1211 623 1261 fuiffe.
659 1214 737 1260 Ait
763 1216 882 1259 enim
903 1212 1024 1279 faffa
1044 1227 1143 1278 pace
1156 1231 1242 1259 cum

346 1282 509 1330 Parthis
522 1283 774 1350 Augustum
791 1299 887 1329 eam
903 1278 1107 1329 indixiffe.
1146 1281 1242 1330 Flo-

345 1370 414 1399 rus
437 1351 555 1400 idem
581 1351 689 1400 clare
727 1354 952 1400 convincit
975 1355 1022 1398 in
1054 1366 1244 1399 extrema

345 1421 537 1469 Historia
556 1442 566 1467 :
583 1422 740 1478 Parthi,
769 1424 928 1489 inquit,
945 1421 1056 1486 quast
1065 1421 1244 1468 vifii‘oriae

335 1494 558 1554 paeniteret,
593 1504 723 1555 rapta,
761 1491 872 1537 clade
897 1488 1107 1552 Craffima,
1139 1491 1243 1537 ultro

330 1559 453 1623 signa
480 1559 660 1604 retulere.
701 1562 766 1604 Sic
788 1557 924 1622 ubique
949 1556 1091 1601 cunffa
1124 1569 1242 1621 atque

345 1629 532 1673 continua
553 1630 676 1672 totius
699 1629 853 1690 generis
881 1625 1039 1670 humani
1065 1637 1139 1669 aut
1157 1638 1243 1687 pax

334 1694 440 1760 fuit,
474 1707 548 1740 ant
563 1693 706 1758 pafi‘io.
756 1693 962 1757 Ausitsque
990 1691 1146 1736 tandem
1168 1696 1244 1736 Cae-

333 1764 411 1829 scer
451 1761 651 1828 Augustus
682 1757 1016 1826 fiptingentcfimo
1054 1758 1104 1804 ah
1140 1757 1243 1805 Urbe

345 1831 504 1878 condita
527 1848 629 1878 anno
649 1829 804 1894 Janum
825 1831 1019 1894 geminum
1046 1826 1240 1883 claudere,

346 1899 405 1946 bis
433 1914 526 1947 ante
545 1901 592 1966 se
627 1900 814 1965 clausum,
839 1896 917 1964 sub
953 1900 1089 1943 Numa
1124 1902 1239 1962 Rege,

348 1972 410 2024 ᾧ»
434 1968 549 2015 «υἰξῖα
568 1970 734 2033 primum
760 1966 1007 2033 Carthagine.
1048 1963 1240 2013 Tametsi

346 2035 528 2104 largiter,
543 2035 672 2093 vide8‚
688 2053 793 2084 errat
820 2033 904 2102 ipse
936 2031 1094 2090 Florus,
1120 2033 1242 2102 quod

349 2116 396 2156 &
427 2108 530 2157 duas
560 2114 717 2175 priores
744 2112 842 2179 Jani
881 2103 1062 2159 κλείσεις
1089 2110 1243 2175 Augu—

349 2178 463 2226 staeas
488 2175 688 2234 omiserit,
724 2175 792 2227 vel
827 2181 971 2244 potius
1008 2174 1096 2225 illas
1139 2194 1243 2225 cum

348 2244 432 2295 hac
458 2251 581 2295 tertia
607 2244 854 2295 confuderit
884 2254 947 2304 (&
975 2243 1070 2294 sane
1089 2243 1242 2293 brevis-

350 2313 464 2363 simo
488 2319 695 2384 temporis
721 2317 859 2362 tractu
885 2313 1096 2363 distinctae
1134 2319 1243 2363 inter

277 2418 280 2421 <
350 2381 389 2431 se
414 2382 603 2441 filerunt,
640 2400 689 2432 ut
730 2389 977 2449 properanti
1020 2387 1244 2450 Epitoma-

350 2458 444 2517 stae,
476 2475 557 2504 nec
591 2451 807 2519 ot'xfflGet'qt
840 2454 1027 2522 plurima
1080 2453 1244 2524 singula

353 2525 579 2574 secernenti
609 2525 695 2574 fere
716 2523 848 2573 videri
876 2534 920 2573 &
953 2528 1170 2572 nominari
1197 2544 1243 2572 u-

355 2603 608 2664 na-queant)
644 2606 685 2642 δε
725 2611 841 2642 anno
873 2591 1244 2660 septingentesimo

356 2663 575 2720 tribuerit,
629 2668 673 2712 in
704 2679 838 2732 quem
882 2660 999 2710 nuila
1027 2681 1076 2708 ex
1112 2660 1244 2709 tribus

349 2730 539 2787 clusuris,
590 2751 687 2801 qua:
732 2734 953 2780 auctorem
995 2731 1244 2797 Augustum

353 2799 612 2857 habuerunt,
637 2800 822 2850 incidere
845 2804 1000 2867 potuit.
1039 2796 1122 2846 Sed
1149 2817 1247 2847 rno-

615 126 1165 213 JO.RUALD1
1239 101 1909 183 ANIMADVER'S.

1285 263 1328 292 re
1354 241 1429 292 suo
1464 262 1698 293 numerum
1724 244 1968 294 absolmum
2002 247 2087 298 five
2114 254 2184 301 ross

1286 310 1476 360 tundum
1516 313 1679 379 posuit,
1738 332 2036 363 excurrentem
2086 326 2184 370 tria-

1286 382 1634 442 contaeteridffln,
1686 390 1730 430 δε
1771 382 1957 450 amplius
1995 400 2046 432 ut
2078 403 2182 436 mox

1288 450 1468 516 patebit,
1507 449 1626 499 facile
1653 449 1853 519 neglexit.
1928 455 2054 500 Nam
2077 452 2184 503 Elias

1290 524 1491 579 Vmerus,
1529 528 1574 570 &
1603 526 1740 589 magis
1765 519 1910 569 multo
1934 526 2058 592 Joan.
2096 528 2188 571 Ca-

1290 606 1413 646 mers,
1455 587 1564 637 dum
1585 588 1787 638 illustrare
1826 588 1942 638 hunc
1979 589 2090 639 Fiori
2120 589 2189 639 lo-

1288 676 1391 705 cum
1418 658 1663 715 voluerunt,
1680 663 1823 724 potius
1844 661 2031 708 tenebras
2057 665 2096 708 ei
2120 658 2193 708 of-

1289 724 1511 775 fuderunt.
1583 731 1677 774 Dio
1726 745 1905 796 quoque
1931 726 2095 777 Caffius
2140 734 2189 777 in

1288 798 1390 842 atii-is
1414 797 1470 842 A.
1502 811 1805 844 Dccxxxrv.
1826 796 1940 845 libro
1966 813 2066 846 mv.
2095 814 2188 847 tan-

1289 880 1386 911 tum
1412 882 1503 914 non
1534 870 1758 932 conceptis
1796 866 1933 913 verbis
1974 863 2184 934 loquitur,

1289 930 1477 981 clausum
1517 934 1572 982 ab
1606 935 1809 1002 Augusto
1852 939 2034 1003 Janum,
2083 953 2188 983 cum

1291 999 1482 1050 Phraates
1514 1007 1607 1052 Rex
1650 1002 1905 1051 Parthorum
1938 1001 2055 1069 signa
2094 1007 2191 1054 Ro-

1290 1088 1433 1128 mana,
1470 1089 1568 1140 quae
1609 1070 1692 1138 ipse
1720 1072 1924 1119 Antonio
1969 1070 2103 1137 pulso,
2142 1081 2188 1121 &

1291 1144 1377 1203 ejus
1404 1157 1525 1207 pater
1549 1138 1720 1188 Orodes
1733 1139 1881 1189 Crass'o
1905 1140 2103 1207 oppresso
2121 1159 2190 1189 cea

1289 1225 1454 1274 perant,
1490 1207 1546 1258 ad
1575 1210 1645 1273 Au
1682 1210 1825 1258 ustum
1857 1208 2028 1258 remifit.
2080 1214 2190 1258 Scri·

1291 1278 1353 1326 bit
1386 1283 1506 1327 enim
1543 1228 1742 1327 sacrificia
1769 1283 1859 1342 ejus
1889 1284 1948 1327 rei
1979 1278 2098 1327 causa
2125 1283 2192 1327 in-

1290 1345 1420 1406 dicta,
1457 1346 1674 1414 templum
1702 1351 1837 1396 Marti
1873 1346 2016 1397 Ultori
2051 1347 2192 1397 decre-

1291 1433 1403 1474 tum,
1454 1416 1643 1486 indeque
1693 1415 1947 1483 perfeetum.
2035 1419 2191 1486 Augu-

1291 1486 1409 1533 stum
1439 1504 1542 1534 vero
1572 1490 1818 1551 principem
1846 1501 2054 1533 ovantem
2071 1503 2188 1554 equo

1290 1557 1337 1598 in
1378 1552 1552 1599 Urbem
1599 1554 1851 1608 inveetum,
1895 1572 1995 1600 arcu
2037 1557 2192 1599 trium-

1291 1618 1407 1685 phali
1447 1620 1801 1674 cohonestatum,
1852 1616 2042 1687 denique
2090 1620 2193 1675 δ’δὲ,

1292 1686 1473 1753 πολέμε
1496 1686 1597 1741 τότε
1626 1685 1882 1754 ἐφοίψοιιθς.
1955 1686 2093 1751 rol
2127 1688 2192 1737 di—

1292 1774 1385 1804 cere
1409 1753 1517 1824 quid
1543 1755 1660 1804 aliud
1675 1757 1751 1816 est,
1789 1773 1925 1825 quam
1945 1760 2042 1827 Jani
2088 1772 2193 1823 por-

1293 1840 1384 1872 tam
1413 1822 1657 1873 occlusisse?
1693 1828 1819 1873 Nam
1840 1829 1974 1896 Janus
2001 1843 2092 1873 non
2117 1843 2193 1893 pa-

1293 1895 1422 1951 tebat,
1460 1893 1539 1942 nisi
1565 1891 1729 1943 belium
1747 1894 1859 1951 effer,
1899 1904 1944 1943 δε
1974 1891 2060 1943 hoc
2084 1914 2190 1943 con-

1292 1958 1409 2011 fecto
1436 1964 1580 2011 statim
1617 1983 1665 2013 ac
1696 1962 1783 2012 fine
1813 1981 1934 2011 mora
1976 1962 2192 2012 obseraba-
2222 2018 2236 2031 l

1292 2048 1372 2081 tur.
1467 2037 1619 2102 Itaque
1662 2037 1858 2081 Dionem
1895 2031 1958 2079 ibi
2001 2031 2192 2098 pauculis

1291 2103 1429 2150 verbis
1451 2101 1719 2158 mutilatum,
1745 2100 1904 2171 quibus
1925 2098 2046 2148 illam
2071 2106 2191 2155 κλεῖ-

1293 2192 1355 2224 σιν
1381 2173 1634 2242 signaverat,
1651 2192 1741 2224 non
1772 2173 1846 2222 abs
1876 2192 1936 2231 re,
1955 2192 2083 2242 puto,
2110 2173 2190 2223 sus-

1292 2260 1445 2310 picere.

1364 2316 1430 2360 Ut
1451 2331 1498 2362 ut
1526 2311 1590 2371 sit,
1619 2309 1730 2360 faeta
1764 2329 1868 2378 pace
1896 2329 2000 2360 cum
2027 2311 2188 2361 Parthis

1286 2386 1450 2451 Janum
1483 2379 1631 2429 clausit
1669 2381 1919 2448 Augustus:
1955 2386 2087 2448 igitur
2120 2383 2187 2429 M.

1294 2448 1495 2516 Apuleio,
1532 2455 1576 2498 P.
1605 2448 1705 2497 Silio
1726 2452 1876 2498 Nerva
1911 2449 2027 2497 Coss'.
2053 2452 2107 2496 A.
2127 2451 2187 2497 U.

1296 2524 1348 2566 C.
1389 2535 1690 2567 Docxxxw.
1732 2537 1781 2566 ex
1822 2515 1987 2567 calculo
2018 2522 2187 2575 Dioni-s,

1294 2585 1379 2634 five
1403 2603 1707 2636 Dccxxxm.
1744 2604 1792 2634 ut
1818 2587 1952 2634 nostri
1990 2585 2191 2634 Chrono-

1295 2656 1383 2724 logi
1418 2654 1679 2723 supputant3
1718 2660 1851 2723 Igitur
1890 2659 2075 2703 triennio
2110 2671 2187 2719 po-

1294 2728 1451 2781 sterius,
1471 2744 1607 2794 quam
1625 2723 1786 2790 Lipsius
1801 2722 2038 2779 crediderit,
2066 2729 2188 2770 annis

1294 2792 1654 2850 xv11.velxv111‚
1666 2798 1781 2860 prius
1795 2810 1934 2860 quam
1947 2789 2189 2906 persulasgm

2066 2877 2106 2907 ia
2142 2878 2189 2906 u-
