2350 3192
302 126 378 183 26

297 239 378 290 lius
428 239 701 308 Capitolinus
741 244 788 287 in
834 244 923 302 ejus
974 243 1065 288 vita
1097 255 1191 306 cap,

300 326 452 358 XXVI.
515 314 758 356 Praetextato
808 312 869 364 ὠ
909 311 1054 355 Attico
1103 309 1193 373 Coff.

302 380 374 436 (A.
403 381 464 425 U.
491 384 809 434 Deccoxcv.)
839 378 1061 424 Gordianus
1088 393 1199 443 aper-

299 460 341 492 to
373 445 487 509 Jano
511 450 675 512 gemina,
711 445 814 511 quod
829 447 984 511 signum
1014 459 1104 492 erat
1137 449 1200 492 in-

300 513 395 561 elifii
419 514 521 570 belli,
552 516 750 581 profefius
789 515 840 578 est
878 527 1018 561 contra
1057 517 1199 581 Persas

300 601 387 629 cum
432 587 607 630 exercitu
645 585 805 648 ingenti.
873 581 1113 652 Jornandes
1149 582 1199 631 li-

302 648 383 697 bro
419 648 472 698 de
495 656 756 719 Regnorum
780 649 1049 708 successione,
1085 657 1200 719 capi-

299 735 342 766 te
370 735 520 767 Lxxx1.
558 721 779 767 Gordianus
821 719 977 783 Janum
1009 725 1201 787 geminum

299 791 475 852 aperiens
501 789 557 835 ad
582 793 778 837 Orientem
796 788 1010 855 profeii‘us‚
1038 791 1201 837 Parthis

301 858 439 903 intulit
483 856 631 904 bellum·
716 854 1007 922 Theophanes
1051 861 1201 905 auetor

302 926 506 972 Historiae
536 923 753 980 Miscellae,
792 944 889 994 quae
920 923 1052 972 Paulo
1096 931 1204 974 Dia-

303 1011 420 1041 cono
458 991 558 1041 falso
595 992 857 1051 adscribitur,
908 992 980 1041 lib.
1024 1014 1066 1041 x.
1108 1013 1203 1061 cap.

303 1078 476 1110 XXVII.
514 1060 734 1108 Gordianus
774 1062 881 1126 Jani
898 1066 1041 1129 gemini
1065 1078 1205 1129 portas

301 1134 466 1194 aperuit,
500 1148 600 1195 quas
650 1143 781 1178 utrum
815 1131 899 1196 pest
942 1134 1205 1197 Vespasianum

301 1201 365 1251 εὖ·
408 1202 533 1245 Titum
577 1212 734 1264 apertas
786 1199 930 1262 constet
942 1235 956 1255 ,
1020 1205 1206 1248 neminem

293 1267 482 1332 scripfiffe
504 1272 668 1315 memini.
742 1269 802 1316 At
840 1273 959 1315 enim
985 1270 1082 1332 post
1120 1274 1207 1317 Ve-

563 122 689 205 JO.
740 121 1117 182 RUALm
1189 118 1859 181 ANIMADVERS.

1245 253 1361 295 runt,
1399 236 1615 309 siquidem
1643 258 1736 289 non
1758 239 1866 290 fallit
1884 243 2143 298 Ammianus·

1246 307 1524 357 Marcellinus
1553 307 1628 356 lib.
1651 327 1742 358 xv1.
1773 328 1867 376 cap.
1900 329 1970 359 xv.
2005 320 2051 363 in
2074 336 2143 367 ac-

1248 379 1299 422 tis
1327 379 1573 426 Constantii
1600 382 1891 445 Imperatoris,
1917 386 1995 448 qui
2021 387 2143 434 Con-

1248 444 1436 494 stantino
1464 450 1635 515 Magno
1662 464 1784 513 patre
1810 463 1944 504 οἵως,
1981 456 2146 500 eumin

1249 517 1439 581 Imperio
1484 520 1652 582 excepit
1693 533 1781 564 una
1815 535 1920 565 cum
1951 516 2148 569 fratribus

1250 583 1305 630 A.
1326 587 1384 631 U.
1403 590 1458 632 C.
1490 601 1757 633 MLxxxv111.
1796 583 1860 634 his
1888 604 1992 635 vero
2016 586 2151 638 subla-

1251 655 1316 708 tiS,
1353 650 1408 700 ad
1437 671 1541 701 eum
1568 651 1736 701 summa
1771 673 1916 703 rerum
1957 663 2153 722 pervenit

1251 720 1306 767 A.
1339 738 1448 770 MCI.
1494 725 1644 770 exa6³to
1684 720 1785 770 inde
1824 729 2027 780 triennio,
2065 724 2151 775 five

1250 806 1367 837 anno
1389 806 1587 857 reparatae
1613 788 1750 838 salutis
1775 809 1982 841 cccrm.
2021 792 2152 843 colla-

1251 860 1302 904 tis
1346 876 1450 906 cum
1485 863 1747 926 Magnentio
1779 876 1964 924 tyranno
2003 860 2148 930 signis,

1252 943 1301 973 ac
1326 930 1500 995 ingente
1525 930 1707 976 vinitoria
1731 934 1910 996 potitus,
1923 934 2016 998 Jani
2041 947 2153 979 tem-

1252 994 1380 1060 plum
1405 994 1632 1053 conclusit,
1663 1002 1721 1044 ait
1751 1000 2014 1045 Ammianus
2032 1005 2152 1047 :Haec

1252 1064 1343 1110 dum
1365 1080 1438 1128 per
1474 1070 1578 1111 ans
1609 1079 1748 1129 partes
1788 1069 1850 1122 ὠ
1890 1066 2045 1114 Gallias
2078 1083 2152 1134 pro

1254 1146 1371 1197 captu
1420 1147 1627 1197 temporum
1666 1134 1933 1199 disponuntur,
1972 1136 2155 1200 Constan-

1255 1204 1335 1246 tius
1376 1202 1551 1266 conclufh
1585 1201 1693 1266 Jani
1734 1203 1895 1268 templo,
1933 1203 2152 1272 stratisque

1255 1268 1419 1333 hostibus
1462 1270 1627 1327 cunHis,
1662 1276 1821 1318 Romam
1858 1271 2046 1338 gestiebat
2083 1278 2154 1322 ‹vi-

301 1332 544 1401 spafianum
593 1346 636 1384 δε
676 1338 834 1384 Titum
878 1355 1039 1403 apertas
1089 1338 1208 1387 fuiffe
1243 1340 1336 1404 sere
1358 1340 1442 1404 pos}
1455 1343 1689 1405 Magnentii
1717 1343 1894 1398 exitium,
1912 1340 2054 1408 absque
2084 1361 2154 1391 no-

301 1406 481 1462 constat,
518 1403 549 1452 sl
577 1402 730 1452 clausa,-
758 1426 781 1455 a
807 1409 966 1454 Marco
988 1425 1086 1454 vere
1107 1425 1207 1456 ante

301 1471 460 1539 scripfit
494 1473 705 1530 Aurelius,
746 1484 789 1522 ὃς
832 1496 881 1523 ex
924 1494 976 1522 eo
1019 1473 1066 1523 id
1094 1482 1206 1525 acci-

304 1559 403 1607 pere
442 1548 603 1606 potuit.
626 1541 931 1608 TheophaneS,
983 1549 1061 1609 qui
1099 1563 1208 1610 qua-

303 1609 539 1676 dringentis
587 1614 751 1657 circiter
790 1615 910 1657 annis
967 1612 1206 1659 Historiam

303 1677 421 1725 suam
461 1679 664 1743 posterius
693 1682 988 1733 concinnavit,
1027 1693 1076 1723 ut
1105 1677 1207 1725 alibi

305 1744 590 1793 ostendimus.
662 1750 760 1792 Fere
785 1749 931 1813 itaque
951 1743 1116 1792 incessit
1144 1745 1208 1794 su-

302 1813 436 1881 spicio
471 1814 549 1863 effe
570 1831 744 1863 merum
769 1813 975 1882 glossema
997 1819 1042 1861 in
1071 1815 1210 1863 Aure-

305 1881 382 1941 lio,
417 1902 516 1952 quas
555 1889 728 1930 Marcus
758 1884 971 1950 clauserat,
1017 1901 1091 1931 aut
1127 1902 1209 1950 pro

1254 1411 1370 1465 mine,
1407 1427 1456 1455 ex
1472 1411 1670 1476 sanguine
1698 1415 1867 1458 Romano
1892 1411 2154 1475 triumphatu-

1255 1495 1337 1524 rus.

1325 1549 1472 1599 Porro,
1510 1558 1558 1589 ut
1597 1547 1747 1591 omnia
1786 1542 1948 1602 dicam,
1984 1548 2155 1596 errandi

1255 1609 1526 1659 occasionem
1551 1609 1672 1674 super
1697 1615 1794 1678 Jani
1823 1617 1955 1677 portis
1979 1613 2033 1660 ab
2057 1616 2153 1662 Au-

1256 1680 1383 1743 gusto
1407 1676 1553 1726 clausis
1578 1673 1809 1725 Plutarcho
1842 1680 1899 1726 T.
1930 1683 2076 1730 Livius
2105 1692 2153 1732 δε

1256 1743 1443 1794 Velleius
1478 1744 1729 1803 PatechIUS‚
1767 1751 1941 1814 opinor,
1987 1750 2158 1817 amplis—

1256 1812 1412 1863 simam
1443 1811 1647 1864 fecerunt.
1722 1818 1875 1865 Scribit
1893 1815 2084 1868 Velleius
2106 1825 2155 1870 in

1259 1899 1312 1931 11.
1343 1885 1640 1932 Historiarum
1667 1902 1760 1952 cap.
1789 1904 1990 1936 xxxvnl.
2010 1895 2155 1937 Imma-

305 1958 469 2009 Marm,
505 1970 674 2000 nom-..n
711 1950 891 2014 alicujus
918 1950 1024 1999 alius
1051 1957 1210 2019 princi—
1257 1971 1304 1999 ne
1342 1952 1484 2002 bellicae
1515 1958 1704 2002 civitatis
1737 1970 2019 2023 argumentum,
2056 1961 2162 2024 quod

307 2025 374 2087 pis
412 2018 752 2086 reponendum:
806 2018 939 2089 idque
977 2026 1207 2088 praecipue,
1247 2022 1373 2086 semel
1397 2023 1476 2088 sub
1515 2023 1696 2089 Regibus,
1745 2028 1885 2072 iterum
1924 2031 1963 2072 T.
1994 2028 2156 2074 Manlio

344 2093 415 2137 uia
457 2091 613 2138 Marco
654 2095 900 2156 Imperante
937 2095 1062 2138 novis
1101 2108 1211 2157 pene

308 2109 476 2226 pemper
486 2159 676 2206 motibus
693 2158 951 2207 concussum
968 2164 1212 2226 Imperium

312 2228 494 2284 constat,
532 2245 722 2295 eumque
744 2233 791 2274 in
831 2226 979 2276 medio
1008 2226 1110 2275 belli
1149 2248 1213 2278 ar—

315 2292 443 2353 dore,
488 2294 597 2344 dum
638 2295 691 2343 ad
724 2293 832 2343 illud
882 2294 920 2345 se
958 2301 1211 2365 accingeret,

314 2381 459 2413 morte
483 2381 756 2431 praeventum
781 2364 938 2413 obiiffe.
1012 2365 1094 2414 Sed
1121 2364 1213 2416 haec

315 2438 500 2482 curatius
528 2432 617 2482 aliis
650 2430 927 2499 expendenda
952 2432 1068 2482 ultro
1090 2433 1215 2484 relin-

316 2507 508 2569 quimus.
581 2504 781 2550 Tantum
802 2502 907 2551 libet
940 2502 1106 2564 addere,
1141 2524 1216 2553 an-

319 2577 492 2639 tiquam
519 2568 638 2620 illam
648 2575 764 2687 1Jani
804 2569 1045 2629 claudendi,
1082 2579 1216 2636 aperi-

319 2638 507 2708 endique
560 2659 645 2688 con
665 2639 917 2689 uetudinem
959 2659 1052 2689 non
1096 2638 1216 2690 facile

321 2711 548 2756 Romanos
574 2707 705 2759 sivisse
732 2707 907 2767 aboleri,
919 2727 1056 2779 quam
1085 2715 1215 2758 etiam

316 2775 552 2845 *Christiani
580 2783 792 2847 Principes
826 2777 1011 2849 quidam
1034 2784 1217 2830 retinue-

1260 2093 1340 2153 Col]
1374 2096 1490 2138 tertio
1512 2093 1690 2159 Augusto
1711 2097 1899 2158 principe,
1922 2092 2060 2156 Janus
2077 2101 2156 2143 Ge-

1259 2162 1384 2206 minus
1423 2162 1578 2226 clausus
1617 2162 1737 2209 dedit.
1821 2165 1948 2208 Tertio
1982 2159 2154 2212 dietum

1260 2228 1489 2277 manifesto
1521 2247 1674 2285 errore,
1711 2246 1792 2295 pro
1820 2243 1894 2276 ter.
1933 2229 2032 2278 Nisi
2058 2238 2156 2301 quis

1264 2301 1450 2345 Criticus
1475 2317 1498 2345 e
1521 2298 1762 2346 mitioribus
1782 2296 2045 2364 respondeat,
2061 2319 2156 2350 non

1262 2364 1493 2415 consilium
1528 2365 1647 2414 fuisse
1682 2362 1865 2423 Velleio,
1928 2366 2158 2434 praesertim

1261 2433 1492 2492 festinanti,
1529 2453 1577 2483 ut
1604 2433 1738 2483 solent
1774 2440 1853 2504 qui
1878 2434 2069 2486 scribunt
2101 2443 2158 2486 E-

1262 2508 1464 2568 pitomas,
1500 2502 1707 2552 recenstre
1747 2502 1961 2572 sigillatim
2021 2512 2157 2556 uoties

1258 2576 1421 2640 Janum
1462 2570 1650 2621 clauserit
1691 2575 1933 2641 Augustus,
1983 2526 2051 2623 ped
2091 2574 2156 2623 so-

1262 2640 1496 2690 lummodo
1526 2640 1682 2690 cursim
1713 2648 1963 2708 exprimere,
2000 2645 2157 2710 quibus

1264 2711 1531 2778 temporibus
1564 2719 1607 2758 δε
1637 2711 1903 2777 Principibus
1930 2709 2157 2780 s1tipseJa-

1263 2798 1343 2829 nus
1398 2778 1582 2838 clausus,
1627 2777 1701 2829 sub
1743 2784 1899 2832 Numa
1942 2775 2156 2896 videlipen

1966 2849 2078 2898 Man
2094 2853 2153 2907 io,
