<?xml version="1.0" encoding="UTF-8"?>
<!DOCTYPE html PUBLIC "-//W3C//DTD XHTML 1.0 Transitional//EN"
    "http://www.w3.org/TR/xhtml1/DTD/xhtml1-transitional.dtd">
<html xmlns="http://www.w3.org/1999/xhtml" xml:lang="en" lang="en">
 <head>
  <title>
</title>
<meta http-equiv="Content-Type" content="text/html;charset=utf-8" />
  <meta name='ocr-system' content='tesseract 3.04.00' />
  <meta name='ocr-capabilities' content='ocr_page ocr_carea ocr_par ocr_line ocrx_word'/>
</head>
<body>
  <div class='ocr_page' id='page_1' title='image "./plutarchichaeron01plut_0515.png"; bbox 0 0 2350 3192; ppageno 0'>
   <div class='ocr_carea' id='block_1_1' title="bbox 453 133 1046 193">
    <p class='ocr_par' dir='ltr' id='par_1_1' title="bbox 453 133 1046 193">
     <span class='ocr_line' id='line_1_1' title="bbox 453 133 1046 193; baseline 0.003 -2"><span class='ocrx_word' id='word_1_1' title='bbox 453 136 590 192; x_wconf 95' lang='lat' dir='ltr'>IN</span> <span class='ocrx_word' id='word_1_2' title='bbox 695 133 1046 193; x_wconf 93' lang='lat' dir='ltr'>PLUT</span> 
     </span>
    </p>
   </div>
   <div class='ocr_carea' id='block_1_2' title="bbox 156 254 1056 2845">
    <p class='ocr_par' dir='ltr' id='par_1_2' title="bbox 156 254 1056 2845">
     <span class='ocr_line' id='line_1_2' title="bbox 158 254 1045 312; baseline 0 -10"><span class='ocrx_word' id='word_1_3' title='bbox 158 256 316 312; x_wconf 86' lang='lat' dir='ltr'>mestri,</span> <span class='ocrx_word' id='word_1_4' title='bbox 352 273 442 303; x_wconf 90' lang='lat' dir='ltr'>non</span> <span class='ocrx_word' id='word_1_5' title='bbox 472 274 522 302; x_wconf 83' lang='lat' dir='ltr'>ex</span> <span class='ocrx_word' id='word_1_6' title='bbox 549 255 632 311; x_wconf 87' lang='lat' dir='ltr'>sua,</span> <span class='ocrx_word' id='word_1_7' title='bbox 667 255 733 303; x_wconf 88' lang='lat' dir='ltr'>sed</span> <span class='ocrx_word' id='word_1_8' title='bbox 772 272 822 301; x_wconf 85' lang='lat' dir='ltr'>ex</span> <span class='ocrx_word' id='word_1_9' title='bbox 862 254 1045 302; x_wconf 79' lang='lat' dir='ltr'>aliorum</span> 
     </span>
     <span class='ocr_line' id='line_1_3' title="bbox 161 320 1044 389; baseline 0.001 -19"><span class='ocrx_word' id='word_1_10' title='bbox 161 328 368 389; x_wconf 87' lang='lat' dir='ltr'>opinione</span> <span class='ocrx_word' id='word_1_11' title='bbox 395 323 440 371; x_wconf 90' lang='lat' dir='ltr'>id</span> <span class='ocrx_word' id='word_1_12' title='bbox 465 323 603 389; x_wconf 83' lang='lat' dir='ltr'>aperte</span> <span class='ocrx_word' id='word_1_13' title='bbox 622 320 773 370; x_wconf 85' lang='lat' dir='ltr'><strong>subdit.</strong></span> <span class='ocrx_word' id='word_1_14' title='bbox 800 327 851 369; x_wconf 91' lang='lat' dir='ltr'>In</span> <span class='ocrx_word' id='word_1_15' title='bbox 877 340 1044 371; x_wconf 84' lang='lat' dir='ltr'>annum</span> 
     </span>
     <span class='ocr_line' id='line_1_4' title="bbox 158 389 1045 440; baseline -0.001 -1"><span class='ocrx_word' id='word_1_16' title='bbox 158 408 352 440; x_wconf 87' lang='lat' dir='ltr'>veterum</span> <span class='ocrx_word' id='word_1_17' title='bbox 363 397 666 440; x_wconf 81' lang='lat' dir='ltr'>Romanorum</span> <span class='ocrx_word' id='word_1_18' title='bbox 691 406 788 436; x_wconf 82' lang='lat' dir='ltr'>ante</span> <span class='ocrx_word' id='word_1_19' title='bbox 810 389 1045 438; x_wconf 81' lang='lat' dir='ltr'>ordinatio-</span> 
     </span>
     <span class='ocr_line' id='line_1_5' title="bbox 157 454 1045 508; baseline 0.002 -2"><span class='ocrx_word' id='word_1_20' title='bbox 157 477 259 506; x_wconf 85' lang='lat' dir='ltr'>nem</span> <span class='ocrx_word' id='word_1_21' title='bbox 273 464 380 507; x_wconf 91' lang='lat' dir='ltr'>Pom</span> <span class='ocrx_word' id='word_1_22' title='bbox 414 457 586 506; x_wconf 75' lang='lat' dir='ltr'>ilianam</span> <span class='ocrx_word' id='word_1_23' title='bbox 614 456 745 505; x_wconf 85' lang='lat' dir='ltr'>denos</span> <span class='ocrx_word' id='word_1_24' title='bbox 768 454 1045 508; x_wconf 87' lang='lat' dir='ltr'>solummodo</span> 
     </span>
     <span class='ocr_line' id='line_1_6' title="bbox 157 525 1043 594; baseline 0 -19"><span class='ocrx_word' id='word_1_25' title='bbox 157 526 330 584; x_wconf 85' lang='lat' dir='ltr'>menses,</span> <span class='ocrx_word' id='word_1_26' title='bbox 399 532 452 573; x_wconf 85' lang='lat' dir='ltr'>ies</span> <span class='ocrx_word' id='word_1_27' title='bbox 476 543 663 573; x_wconf 85' lang='lat' dir='ltr'><strong>trecenos</strong></span> <span class='ocrx_word' id='word_1_28' title='bbox 689 542 917 594; x_wconf 84' lang='lat' dir='ltr'>quaternos</span> <span class='ocrx_word' id='word_1_29' title='bbox 946 525 1043 576; x_wconf 84' lang='lat' dir='ltr'>fuis-</span> 
     </span>
     <span class='ocr_line' id='line_1_7' title="bbox 158 591 1045 661; baseline 0.001 -18"><span class='ocrx_word' id='word_1_30' title='bbox 158 593 195 643; x_wconf 87' lang='lat' dir='ltr'>se</span> <span class='ocrx_word' id='word_1_31' title='bbox 223 593 459 661; x_wconf 84' lang='lat' dir='ltr'>affignatos‚</span> <span class='ocrx_word' id='word_1_32' title='bbox 497 600 543 641; x_wconf 88' lang='lat'>&amp;</span> <span class='ocrx_word' id='word_1_33' title='bbox 573 591 693 641; x_wconf 70' lang='lat' dir='ltr'>doe’ci</span> <span class='ocrx_word' id='word_1_34' title='bbox 719 593 867 650; x_wconf 85' lang='lat' dir='ltr'>sciunt,</span> <span class='ocrx_word' id='word_1_35' title='bbox 910 604 954 644; x_wconf 87' lang='lat'>&amp;</span> <span class='ocrx_word' id='word_1_36' title='bbox 983 613 1045 643; x_wconf 89' lang='lat' dir='ltr'>te-</span> 
     </span>
     <span class='ocr_line' id='line_1_8' title="bbox 158 660 1046 730; baseline 0.002 -16"><span class='ocrx_word' id='word_1_37' title='bbox 158 668 286 714; x_wconf 87' lang='lat' dir='ltr'>stibus</span> <span class='ocrx_word' id='word_1_38' title='bbox 301 665 479 718; x_wconf 76' lang='grc' dir='ltr'>πολλοῖς</span> <span class='ocrx_word' id='word_1_39' title='bbox 504 660 720 730; x_wconf 60' lang='grc' dir='ltr'><em>κᾳίγαθοῖς</em></span> <span class='ocrx_word' id='word_1_40' title='bbox 741 663 932 715; x_wconf 86' lang='lat' dir='ltr'>adversus</span> <span class='ocrx_word' id='word_1_41' title='bbox 950 666 1046 716; x_wconf 84' lang='lat' dir='ltr'>Plu-</span> 
     </span>
     <span class='ocr_line' id='line_1_9' title="bbox 160 730 1045 791; baseline 0.003 -9"><span class='ocrx_word' id='word_1_42' title='bbox 160 731 367 790; x_wconf 86' lang='lat' dir='ltr'>tarchum,</span> <span class='ocrx_word' id='word_1_43' title='bbox 402 730 470 780; x_wconf 91' lang='lat' dir='ltr'>sed</span> <span class='ocrx_word' id='word_1_44' title='bbox 501 752 593 782; x_wconf 90' lang='lat' dir='ltr'>non</span> <span class='ocrx_word' id='word_1_45' title='bbox 614 734 766 791; x_wconf 86' lang='lat' dir='ltr'>solum,</span> <span class='ocrx_word' id='word_1_46' title='bbox 802 733 1045 785; x_wconf 79' lang='lat' dir='ltr'>rudioribus</span> 
     </span>
     <span class='ocr_line' id='line_1_10' title="bbox 156 802 1041 871; baseline 0.006 -23"><span class='ocrx_word' id='word_1_47' title='bbox 156 806 455 867; x_wconf 87' lang='lat' dir='ltr'>pervincimus.</span> <span class='ocrx_word' id='word_1_48' title='bbox 542 804 620 850; x_wconf 87' lang='lat' dir='ltr'>Sed</span> <span class='ocrx_word' id='word_1_49' title='bbox 661 821 736 851; x_wconf 78' lang='lat' dir='ltr'>non</span> <span class='ocrx_word' id='word_1_50' title='bbox 765 802 891 871; x_wconf 76' lang='lat' dir='ltr'>splum</span> <span class='ocrx_word' id='word_1_51' title='bbox 938 802 1041 854; x_wconf 83' lang='lat' dir='ltr'>dixi.</span> 
     </span>
     <span class='ocr_line' id='line_1_11' title="bbox 156 867 1047 922; baseline 0.007 -6"><span class='ocrx_word' id='word_1_52' title='bbox 156 872 280 916; x_wconf 82' lang='lat' dir='ltr'>Nam</span> <span class='ocrx_word' id='word_1_53' title='bbox 306 881 348 920; x_wconf 85' lang='lat'>&amp;</span> <span class='ocrx_word' id='word_1_54' title='bbox 377 867 486 917; x_wconf 91' lang='lat' dir='ltr'>olim</span> <span class='ocrx_word' id='word_1_55' title='bbox 513 889 680 918; x_wconf 86' lang='lat' dir='ltr'>annum</span> <span class='ocrx_word' id='word_1_56' title='bbox 697 873 954 920; x_wconf 57' lang='lat' dir='ltr'>Romanum</span> <span class='ocrx_word' id='word_1_57' title='bbox 978 878 1047 922; x_wconf 77' lang='lat' dir='ltr'>Li—</span> 
     </span>
     <span class='ocr_line' id='line_1_12' title="bbox 159 941 1045 1008; baseline 0.008 -25"><span class='ocrx_word' id='word_1_58' title='bbox 159 941 294 992; x_wconf 82' lang='lat' dir='ltr'>cinius</span> <span class='ocrx_word' id='word_1_59' title='bbox 332 943 494 996; x_wconf 81' lang='lat' dir='ltr'><strong>Macer,</strong></span> <span class='ocrx_word' id='word_1_60' title='bbox 538 956 668 1008; x_wconf 86' lang='lat' dir='ltr'>atque</span> <span class='ocrx_word' id='word_1_61' title='bbox 707 942 852 1007; x_wconf 84' lang='lat' dir='ltr'>postea</span> <span class='ocrx_word' id='word_1_62' title='bbox 890 946 1045 991; x_wconf 86' lang='lat' dir='ltr'>Lucius</span> 
     </span>
     <span class='ocr_line' id='line_1_13' title="bbox 161 1003 1047 1066; baseline 0.01 -15"><span class='ocrx_word' id='word_1_63' title='bbox 161 1003 395 1063; x_wconf 80' lang='lat' dir='ltr'>Fenestella,</span> <span class='ocrx_word' id='word_1_64' title='bbox 431 1009 572 1055; x_wconf 86' lang='lat' dir='ltr'>statim</span> <span class='ocrx_word' id='word_1_65' title='bbox 596 1013 719 1057; x_wconf 91' lang='lat' dir='ltr'>initio</span> <span class='ocrx_word' id='word_1_66' title='bbox 746 1009 894 1066; x_wconf 87' lang='lat' dir='ltr'>Urbis,</span> <span class='ocrx_word' id='word_1_67' title='bbox 937 1010 1047 1059; x_wconf 91' lang='lat' dir='ltr'>duo-</span> 
     </span>
     <span class='ocr_line' id='line_1_14' title="bbox 160 1071 1048 1137; baseline 0.007 -16"><span class='ocrx_word' id='word_1_68' title='bbox 160 1071 303 1121; x_wconf 85' lang='lat' dir='ltr'><strong>decim</strong></span> <span class='ocrx_word' id='word_1_69' title='bbox 325 1073 540 1123; x_wconf 77' lang='lat' dir='ltr'>mensium</span> <span class='ocrx_word' id='word_1_70' title='bbox 566 1073 685 1124; x_wconf 83' lang='lat' dir='ltr'>fuisse</span> <span class='ocrx_word' id='word_1_71' title='bbox 711 1075 1048 1137; x_wconf 83' lang='lat' dir='ltr'>tradiderunt,ut</span> 
     </span>
     <span class='ocr_line' id='line_1_15' title="bbox 163 1142 1049 1210; baseline 0.009 -22"><span class='ocrx_word' id='word_1_72' title='bbox 163 1142 221 1189; x_wconf 89' lang='lat' dir='ltr'>est</span> <span class='ocrx_word' id='word_1_73' title='bbox 248 1142 389 1192; x_wconf 88' lang='lat' dir='ltr'>videre</span> <span class='ocrx_word' id='word_1_74' title='bbox 408 1143 524 1210; x_wconf 80' lang='lat' dir='ltr'>apud</span> <span class='ocrx_word' id='word_1_75' title='bbox 550 1145 837 1196; x_wconf 87' lang='lat' dir='ltr'>Censorinum</span> <span class='ocrx_word' id='word_1_76' title='bbox 864 1144 977 1196; x_wconf 88' lang='lat' dir='ltr'>libro</span> <span class='ocrx_word' id='word_1_77' title='bbox 995 1146 1049 1196; x_wconf 86' lang='lat' dir='ltr'>de</span> 
     </span>
     <span class='ocr_line' id='line_1_16' title="bbox 170 1208 1052 1278; baseline 0.008 -21"><span class='ocrx_word' id='word_1_78' title='bbox 170 1208 239 1257; x_wconf 91' lang='lat' dir='ltr'>die</span> <span class='ocrx_word' id='word_1_79' title='bbox 271 1210 419 1260; x_wconf 79' lang='lat' dir='ltr'>Natali</span> <span class='ocrx_word' id='word_1_80' title='bbox 447 1229 539 1278; x_wconf 83' lang='lat' dir='ltr'>cap.</span> <span class='ocrx_word' id='word_1_81' title='bbox 570 1231 660 1261; x_wconf 83' lang='lat' dir='ltr'>xx.</span> <span class='ocrx_word' id='word_1_82' title='bbox 700 1218 934 1272; x_wconf 88' lang='lat' dir='ltr'>(Licinium</span> <span class='ocrx_word' id='word_1_83' title='bbox 951 1220 1052 1264; x_wconf 86' lang='lat' dir='ltr'>Ma-</span> 
     </span>
     <span class='ocr_line' id='line_1_17' title="bbox 162 1279 1051 1348; baseline 0.009 -23"><span class='ocrx_word' id='word_1_84' title='bbox 162 1296 284 1332; x_wconf 87' lang='lat' dir='ltr'>crum</span> <span class='ocrx_word' id='word_1_85' title='bbox 326 1279 530 1348; x_wconf 85' lang='lat' dir='ltr'>intellige,</span> <span class='ocrx_word' id='word_1_86' title='bbox 567 1281 806 1330; x_wconf 83' lang='lat' dir='ltr'>Annalium</span> <span class='ocrx_word' id='word_1_87' title='bbox 853 1284 1051 1333; x_wconf 87' lang='lat' dir='ltr'>condito·</span> 
     </span>
     <span class='ocr_line' id='line_1_18' title="bbox 159 1348 1051 1420; baseline 0.012 -30"><span class='ocrx_word' id='word_1_88' title='bbox 159 1362 253 1391; x_wconf 86' lang='lat' dir='ltr'>rem</span> <span class='ocrx_word' id='word_1_89' title='bbox 281 1365 466 1396; x_wconf 88' lang='lat' dir='ltr'>veterem</span> <span class='ocrx_word' id='word_1_90' title='bbox 488 1368 537 1398; x_wconf 84' lang='lat' dir='ltr'>ac</span> <span class='ocrx_word' id='word_1_91' title='bbox 562 1348 772 1409; x_wconf 92' lang='lat' dir='ltr'>nobilem,</span> <span class='ocrx_word' id='word_1_92' title='bbox 795 1356 958 1420; x_wconf 88' lang='lat' dir='ltr'>quippe</span> <span class='ocrx_word' id='word_1_93' title='bbox 976 1373 1051 1402; x_wconf 91' lang='lat' dir='ltr'>cu-</span> 
     </span>
     <span class='ocr_line' id='line_1_19' title="bbox 159 1416 1051 1475; baseline 0.013 -17"><span class='ocrx_word' id='word_1_94' title='bbox 159 1416 226 1475; x_wconf 86' lang='lat' dir='ltr'>jus</span> <span class='ocrx_word' id='word_1_95' title='bbox 250 1419 495 1465; x_wconf 59' lang='lat' dir='ltr'>auctoritate</span> <span class='ocrx_word' id='word_1_96' title='bbox 525 1437 586 1466; x_wconf 89' lang='lat' dir='ltr'>res</span> <span class='ocrx_word' id='word_1_97' title='bbox 625 1417 774 1467; x_wconf 83' lang='lat' dir='ltr'>dubias</span> <span class='ocrx_word' id='word_1_98' title='bbox 811 1422 867 1468; x_wconf 84' lang='lat' dir='ltr'>T.</span> <span class='ocrx_word' id='word_1_99' title='bbox 906 1426 1051 1470; x_wconf 88' lang='lat' dir='ltr'>Livius</span> 
     </span>
     <span class='ocr_line' id='line_1_20' title="bbox 160 1478 1052 1550; baseline 0.013 -24"><span class='ocrx_word' id='word_1_100' title='bbox 160 1478 419 1550; x_wconf 88' lang='lat' dir='ltr'>plerumque</span> <span class='ocrx_word' id='word_1_101' title='bbox 438 1501 554 1529; x_wconf 85' lang='lat' dir='ltr'>amat</span> <span class='ocrx_word' id='word_1_102' title='bbox 583 1486 866 1534; x_wconf 81' lang='lat' dir='ltr'>confirmare:</span> <span class='ocrx_word' id='word_1_103' title='bbox 904 1494 951 1536; x_wconf 94' lang='lat' dir='ltr'>L.</span> <span class='ocrx_word' id='word_1_104' title='bbox 978 1509 1052 1538; x_wconf 86' lang='lat' dir='ltr'>au-</span> 
     </span>
     <span class='ocr_line' id='line_1_21' title="bbox 161 1549 1052 1606; baseline 0.009 -12"><span class='ocrx_word' id='word_1_105' title='bbox 161 1565 263 1595; x_wconf 84' lang='lat' dir='ltr'>tem-</span> <span class='ocrx_word' id='word_1_106' title='bbox 285 1549 573 1606; x_wconf 83' lang='lat' dir='ltr'>Fenestellam,</span> <span class='ocrx_word' id='word_1_107' title='bbox 623 1570 715 1599; x_wconf 91' lang='lat' dir='ltr'>non</span> <span class='ocrx_word' id='word_1_108' title='bbox 751 1551 877 1600; x_wconf 89' lang='lat' dir='ltr'>illum</span> <span class='ocrx_word' id='word_1_109' title='bbox 913 1555 1052 1602; x_wconf 87' lang='lat' dir='ltr'>nescio</span> 
     </span>
     <span class='ocr_line' id='line_1_22' title="bbox 164 1616 1052 1687; baseline 0.011 -27"><span class='ocrx_word' id='word_1_110' title='bbox 164 1632 313 1682; x_wconf 88' lang='lat' dir='ltr'>quem,</span> <span class='ocrx_word' id='word_1_111' title='bbox 329 1622 406 1684; x_wconf 86' lang='lat' dir='ltr'>qui</span> <span class='ocrx_word' id='word_1_112' title='bbox 428 1616 557 1665; x_wconf 87' lang='lat' dir='ltr'>hodie</span> <span class='ocrx_word' id='word_1_113' title='bbox 580 1624 724 1665; x_wconf 85' lang='lat' dir='ltr'>teritur</span> <span class='ocrx_word' id='word_1_114' title='bbox 747 1620 946 1668; x_wconf 84' lang='lat' dir='ltr'>manibus</span> <span class='ocrx_word' id='word_1_115' title='bbox 970 1640 1052 1687; x_wconf 82' lang='lat' dir='ltr'>pu-</span> 
     </span>
     <span class='ocr_line' id='line_1_23' title="bbox 164 1684 1052 1758; baseline 0.011 -25"><span class='ocrx_word' id='word_1_116' title='bbox 164 1686 410 1746; x_wconf 86' lang='lat' dir='ltr'>erulorum,</span> <span class='ocrx_word' id='word_1_117' title='bbox 459 1687 612 1737; x_wconf 90' lang='lat' dir='ltr'>scilicet</span> <span class='ocrx_word' id='word_1_118' title='bbox 645 1684 748 1755; x_wconf 72' lang='grc' dir='ltr'><em>χθὲς</em></span> <span class='ocrx_word' id='word_1_119' title='bbox 781 1687 855 1741; x_wconf 72' lang='grc' dir='ltr'>καὶ</span> <span class='ocrx_word' id='word_1_120' title='bbox 896 1690 1052 1758; x_wconf 72' lang='grc' dir='ltr'>πξώῖω</span> 
     </span>
     <span class='ocr_line' id='line_1_24' title="bbox 164 1754 1052 1823; baseline 0.01 -22"><span class='ocrx_word' id='word_1_121' title='bbox 164 1773 191 1812; x_wconf 70' lang='lat' dir='ltr'>a</span> <span class='ocrx_word' id='word_1_122' title='bbox 223 1754 459 1806; x_wconf 70' lang='lat' dir='ltr'>semidocsto</span> <span class='ocrx_word' id='word_1_123' title='bbox 506 1756 751 1806; x_wconf 84' lang='lat' dir='ltr'>scholastico</span> <span class='ocrx_word' id='word_1_124' title='bbox 795 1759 1052 1823; x_wconf 70' lang='lat' dir='ltr'>consutum,</span> 
     </span>
     <span class='ocr_line' id='line_1_25' title="bbox 162 1821 1054 1899; baseline 0.01 -29"><span class='ocrx_word' id='word_1_125' title='bbox 162 1821 231 1870; x_wconf 89' lang='lat' dir='ltr'>sed</span> <span class='ocrx_word' id='word_1_126' title='bbox 258 1823 392 1872; x_wconf 81' lang='lat' dir='ltr'>alium</span> <span class='ocrx_word' id='word_1_127' title='bbox 414 1825 657 1893; x_wconf 88' lang='lat' dir='ltr'>scriptorem</span> <span class='ocrx_word' id='word_1_128' title='bbox 688 1827 942 1887; x_wconf 84' lang='lat' dir='ltr'>Annalium,</span> <span class='ocrx_word' id='word_1_129' title='bbox 977 1837 1054 1899; x_wconf 87' lang='lat' dir='ltr'>qui</span> 
     </span>
     <span class='ocr_line' id='line_1_26' title="bbox 163 1892 1054 1965; baseline 0.011 -28"><span class='ocrx_word' id='word_1_130' title='bbox 163 1892 271 1938; x_wconf 89' lang='lat' dir='ltr'>obiit</span> <span class='ocrx_word' id='word_1_131' title='bbox 297 1892 530 1943; x_wconf 88' lang='lat' dir='ltr'>novisfimo</span> <span class='ocrx_word' id='word_1_132' title='bbox 554 1897 717 1944; x_wconf 86' lang='lat' dir='ltr'>Tiberii</span> <span class='ocrx_word' id='word_1_133' title='bbox 736 1895 906 1945; x_wconf 82' lang='lat' dir='ltr'>Caesaris</span> <span class='ocrx_word' id='word_1_134' title='bbox 935 1904 1054 1965; x_wconf 87' lang='lat' dir='ltr'>prin-</span> 
     </span>
     <span class='ocr_line' id='line_1_27' title="bbox 162 1961 1053 2036; baseline 0.011 -31"><span class='ocrx_word' id='word_1_135' title='bbox 162 1964 322 2024; x_wconf 79' lang='lat' dir='ltr'>cipatu,</span> <span class='ocrx_word' id='word_1_136' title='bbox 361 1979 410 2009; x_wconf 88' lang='lat' dir='ltr'>ut</span> <span class='ocrx_word' id='word_1_137' title='bbox 454 1981 576 2011; x_wconf 83' lang='lat' dir='ltr'>notat</span> <span class='ocrx_word' id='word_1_138' title='bbox 618 1961 788 2024; x_wconf 82' lang='lat' dir='ltr'>Plinius,</span> <span class='ocrx_word' id='word_1_139' title='bbox 833 1973 878 2014; x_wconf 73' lang='grc' dir='ltr'>δε</span> <span class='ocrx_word' id='word_1_140' title='bbox 920 1963 1053 2036; x_wconf 83' lang='lat' dir='ltr'>quern</span> 
     </span>
     <span class='ocr_line' id='line_1_28' title="bbox 163 2026 1054 2098; baseline 0.01 -24"><span class='ocrx_word' id='word_1_141' title='bbox 163 2044 265 2075; x_wconf 90' lang='lat' dir='ltr'>cum</span> <span class='ocrx_word' id='word_1_142' title='bbox 287 2026 454 2077; x_wconf 87' lang='lat' dir='ltr'>honore</span> <span class='ocrx_word' id='word_1_143' title='bbox 474 2030 556 2098; x_wconf 91' lang='lat' dir='ltr'>ipse</span> <span class='ocrx_word' id='word_1_144' title='bbox 583 2037 722 2094; x_wconf 79' lang='lat' dir='ltr'>major</span> <span class='ocrx_word' id='word_1_145' title='bbox 750 2031 922 2090; x_wconf 75' lang='lat' dir='ltr'>Plinius,</span> <span class='ocrx_word' id='word_1_146' title='bbox 960 2035 1054 2084; x_wconf 88' lang='lat' dir='ltr'>nos-</span> 
     </span>
     <span class='ocr_line' id='line_1_29' title="bbox 162 2095 1051 2168; baseline 0.012 -27"><span class='ocrx_word' id='word_1_147' title='bbox 162 2111 222 2143; x_wconf 88' lang='lat' dir='ltr'>ter</span> <span class='ocrx_word' id='word_1_148' title='bbox 260 2095 528 2155; x_wconf 82' lang='lat' dir='ltr'>Plutarchus,</span> <span class='ocrx_word' id='word_1_149' title='bbox 581 2098 765 2158; x_wconf 88' lang='lat' dir='ltr'>Gellius,</span> <span class='ocrx_word' id='word_1_150' title='bbox 822 2101 1051 2168; x_wconf 83' lang='lat' dir='ltr'>Ulpianus,</span> 
     </span>
     <span class='ocr_line' id='line_1_30' title="bbox 163 2163 1051 2233; baseline 0.011 -22"><span class='ocrx_word' id='word_1_151' title='bbox 163 2163 446 2214; x_wconf 83' lang='lat' dir='ltr'>Tertullianus</span> <span class='ocrx_word' id='word_1_152' title='bbox 486 2167 580 2233; x_wconf 88' lang='lat' dir='ltr'>plus</span> <span class='ocrx_word' id='word_1_153' title='bbox 611 2187 701 2215; x_wconf 89' lang='lat' dir='ltr'>uno</span> <span class='ocrx_word' id='word_1_154' title='bbox 731 2166 831 2218; x_wconf 90' lang='lat' dir='ltr'>loco</span> <span class='ocrx_word' id='word_1_155' title='bbox 857 2174 1051 2221; x_wconf 37' lang='lat' dir='ltr'>attestans</span> 
     </span>
     <span class='ocr_line' id='line_1_31' title="bbox 165 2232 1053 2305; baseline 0.012 -27"><span class='ocrx_word' id='word_1_156' title='bbox 165 2240 250 2288; x_wconf 87' lang='lat' dir='ltr'>tur&gt;</span> <span class='ocrx_word' id='word_1_157' title='bbox 277 2242 320 2280; x_wconf 86' lang='lat'>&amp;</span> <span class='ocrx_word' id='word_1_158' title='bbox 353 2232 652 2283; x_wconf 88' lang='lat' dir='ltr'>nudiustertius</span> <span class='ocrx_word' id='word_1_159' title='bbox 680 2237 883 2305; x_wconf 87' lang='lat' dir='ltr'>Josephus</span> <span class='ocrx_word' id='word_1_160' title='bbox 927 2240 1053 2289; x_wconf 85' lang='lat' dir='ltr'>Scali-</span> 
     </span>
     <span class='ocr_line' id='line_1_32' title="bbox 166 2303 1052 2378; baseline 0.016 -35"><span class='ocrx_word' id='word_1_161' title='bbox 166 2316 239 2364; x_wconf 86' lang='lat' dir='ltr'>ger</span> <span class='ocrx_word' id='word_1_162' title='bbox 266 2304 310 2346; x_wconf 90' lang='lat' dir='ltr'>in</span> <span class='ocrx_word' id='word_1_163' title='bbox 326 2318 378 2348; x_wconf 91' lang='lat'>11.</span> <span class='ocrx_word' id='word_1_164' title='bbox 403 2305 470 2350; x_wconf 92' lang='lat' dir='ltr'>De</span> <span class='ocrx_word' id='word_1_165' title='bbox 485 2303 696 2352; x_wconf 79' lang='lat' dir='ltr'>emendat.</span> <span class='ocrx_word' id='word_1_166' title='bbox 729 2323 910 2373; x_wconf 89' lang='lat' dir='ltr'>tempor.</span> <span class='ocrx_word' id='word_1_167' title='bbox 931 2328 1052 2378; x_wconf 82' lang='lat' dir='ltr'>mag-</span> 
     </span>
     <span class='ocr_line' id='line_1_33' title="bbox 166 2369 1052 2439; baseline 0.018 -29"><span class='ocrx_word' id='word_1_168' title='bbox 166 2383 226 2411; x_wconf 91' lang='lat' dir='ltr'>no</span> <span class='ocrx_word' id='word_1_169' title='bbox 268 2385 425 2416; x_wconf 79' lang='lat' dir='ltr'>conatu</span> <span class='ocrx_word' id='word_1_170' title='bbox 456 2369 594 2419; x_wconf 92' lang='lat' dir='ltr'>voluit</span> <span class='ocrx_word' id='word_1_171' title='bbox 620 2377 914 2439; x_wconf 82' lang='lat' dir='ltr'>comprobare.</span> <span class='ocrx_word' id='word_1_172' title='bbox 965 2382 1052 2426; x_wconf 77' lang='lat' dir='ltr'>Ra-</span> 
     </span>
     <span class='ocr_line' id='line_1_34' title="bbox 165 2437 1052 2509; baseline 0.018 -30"><span class='ocrx_word' id='word_1_173' title='bbox 165 2439 314 2491; x_wconf 85' lang='lat' dir='ltr'>tiones,</span> <span class='ocrx_word' id='word_1_174' title='bbox 351 2455 454 2503; x_wconf 82' lang='lat' dir='ltr'>quas</span> <span class='ocrx_word' id='word_1_175' title='bbox 482 2437 670 2496; x_wconf 85' lang='lat' dir='ltr'>adducit,</span> <span class='ocrx_word' id='word_1_176' title='bbox 706 2461 840 2509; x_wconf 84' lang='lat' dir='ltr'>quam</span> <span class='ocrx_word' id='word_1_177' title='bbox 870 2463 962 2493; x_wconf 90' lang='lat' dir='ltr'>non</span> <span class='ocrx_word' id='word_1_178' title='bbox 989 2466 1052 2495; x_wconf 79' lang='lat' dir='ltr'>ra-</span> 
     </span>
     <span class='ocr_line' id='line_1_35' title="bbox 166 2504 1051 2573; baseline 0.015 -26"><span class='ocrx_word' id='word_1_179' title='bbox 166 2515 245 2549; x_wconf 76' lang='lat' dir='ltr'>tae?</span> <span class='ocrx_word' id='word_1_180' title='bbox 280 2520 416 2570; x_wconf 78' lang='lat' dir='ltr'>quam</span> <span class='ocrx_word' id='word_1_181' title='bbox 433 2504 516 2552; x_wconf 86' lang='lat' dir='ltr'>fere</span> <span class='ocrx_word' id='word_1_182' title='bbox 538 2504 658 2563; x_wconf 88' lang='lat' dir='ltr'>nihil,</span> <span class='ocrx_word' id='word_1_183' title='bbox 694 2526 843 2573; x_wconf 64' lang='lat' dir='ltr'>praeter</span> <span class='ocrx_word' id='word_1_184' title='bbox 867 2536 1051 2569; x_wconf 61' lang='grc' dir='ltr'>καινοτο-</span> 
     </span>
     <span class='ocr_line' id='line_1_36' title="bbox 161 2569 1048 2648; baseline 0.008 -26"><span class='ocrx_word' id='word_1_185' title='bbox 161 2569 269 2635; x_wconf 78' lang='grc' dir='ltr'><em>μίαν</em></span> <span class='ocrx_word' id='word_1_186' title='bbox 297 2570 546 2635; x_wconf 85' lang='lat' dir='ltr'>plurimam,</span> <span class='ocrx_word' id='word_1_187' title='bbox 597 2582 641 2623; x_wconf 69' lang='grc' dir='ltr'>ὃς</span> <span class='ocrx_word' id='word_1_188' title='bbox 669 2573 802 2634; x_wconf 81' lang='lat' dir='ltr'>illam,</span> <span class='ocrx_word' id='word_1_189' title='bbox 852 2599 949 2648; x_wconf 82' lang='lat' dir='ltr'>quae</span> <span class='ocrx_word' id='word_1_190' title='bbox 987 2589 1048 2632; x_wconf 86' lang='lat' dir='ltr'>D.</span> 
     </span>
     <span class='ocr_line' id='line_1_37' title="bbox 161 2635 1049 2710; baseline 0.024 -27"><span class='ocrx_word' id='word_1_191' title='bbox 161 2635 314 2685; x_wconf 79' lang='lat' dir='ltr'>Basilio</span> <span class='ocrx_word' id='word_1_192' title='bbox 345 2639 500 2688; x_wconf 88' lang='lat' dir='ltr'>dicitur</span> <span class='ocrx_word' id='word_1_193' title='bbox 530 2643 744 2707; x_wconf 60' lang='grc' dir='ltr'>α’μετφία</span> <span class='ocrx_word' id='word_1_194' title='bbox 767 2644 800 2698; x_wconf 69' lang='lat'>73</span> <span class='ocrx_word' id='word_1_195' title='bbox 829 2648 1049 2710; x_wconf 68' lang='grc' dir='ltr'><em>οἰνθολκῆς,</em></span> 
     </span>
     <span class='ocr_line' id='line_1_38' title="bbox 164 2707 1052 2775; baseline 0.023 -27"><span class='ocrx_word' id='word_1_196' title='bbox 164 2707 447 2755; x_wconf 79' lang='lat' dir='ltr'>immoderatam</span> <span class='ocrx_word' id='word_1_197' title='bbox 482 2712 731 2775; x_wconf 76' lang='lat' dir='ltr'>cupiditatem</span> <span class='ocrx_word' id='word_1_198' title='bbox 761 2715 940 2764; x_wconf 74' lang='lat' dir='ltr'>trahendi</span> <span class='ocrx_word' id='word_1_199' title='bbox 975 2740 1052 2767; x_wconf 79' lang='lat' dir='ltr'>om-</span> 
     </span>
     <span class='ocr_line' id='line_1_39' title="bbox 163 2775 1056 2845; baseline 0.022 -28"><span class='ocrx_word' id='word_1_200' title='bbox 163 2775 230 2820; x_wconf 84' lang='lat' dir='ltr'>nia</span> <span class='ocrx_word' id='word_1_201' title='bbox 277 2778 318 2821; x_wconf 83' lang='lat' dir='ltr'>in</span> <span class='ocrx_word' id='word_1_202' title='bbox 359 2779 575 2844; x_wconf 82' lang='lat' dir='ltr'>sequiorem</span> <span class='ocrx_word' id='word_1_203' title='bbox 616 2794 772 2845; x_wconf 79' lang='lat' dir='ltr'>partem</span> <span class='ocrx_word' id='word_1_204' title='bbox 816 2783 1056 2839; x_wconf 69' lang='lat' dir='ltr'>denotant?</span> 
     </span>
    </p>
   </div>
   <div class='ocr_carea' id='block_1_3' title="bbox 1091 136 1980 211">
    <p class='ocr_par' dir='ltr' id='par_1_3' title="bbox 1091 136 1980 211">
     <span class='ocr_line' id='line_1_40' title="bbox 1091 136 1980 211; baseline -0.002 -16"><span class='ocrx_word' id='word_1_205' title='bbox 1091 136 1693 196; x_wconf 86' lang='lat' dir='ltr'><strong>ARCHUM.</strong></span> <span class='ocrx_word' id='word_1_206' title='bbox 1909 157 1980 211; x_wconf 82' lang='lat'>15</span> 
     </span>
    </p>
   </div>
   <div class='ocr_carea' id='block_1_4' title="bbox 1092 253 2008 2858">
    <p class='ocr_par' dir='ltr' id='par_1_4' title="bbox 1092 253 2008 2858">
     <span class='ocr_line' id='line_1_41' title="bbox 1096 253 1980 325; baseline 0.002 -24"><span class='ocrx_word' id='word_1_207' title='bbox 1096 253 1285 304; x_wconf 84' lang='lat' dir='ltr'>Clafficis</span> <span class='ocrx_word' id='word_1_208' title='bbox 1314 258 1559 306; x_wconf 58' lang='lat' dir='ltr'>auctoribus</span> <span class='ocrx_word' id='word_1_209' title='bbox 1591 276 1727 325; x_wconf 90' lang='lat' dir='ltr'>prope</span> <span class='ocrx_word' id='word_1_210' title='bbox 1757 257 1980 312; x_wconf 84' lang='lat' dir='ltr'>omnibus,</span> 
     </span>
     <span class='ocr_line' id='line_1_42' title="bbox 1095 327 1981 386; baseline 0.002 -15"><span class='ocrx_word' id='word_1_211' title='bbox 1095 328 1281 381; x_wconf 87' lang='lat' dir='ltr'>Criticis,</span> <span class='ocrx_word' id='word_1_212' title='bbox 1333 327 1574 384; x_wconf 86' lang='lat' dir='ltr'>Historicis‚</span> <span class='ocrx_word' id='word_1_213' title='bbox 1628 333 1777 386; x_wconf 84' lang='lat' dir='ltr'>Poetis,</span> <span class='ocrx_word' id='word_1_214' title='bbox 1823 330 1981 373; x_wconf 80' lang='lat' dir='ltr'>Gram-</span> 
     </span>
     <span class='ocr_line' id='line_1_43' title="bbox 1094 391 1983 463; baseline 0.003 -26"><span class='ocrx_word' id='word_1_215' title='bbox 1094 396 1259 440; x_wconf 81' lang='lat' dir='ltr'>maticis</span> <span class='ocrx_word' id='word_1_216' title='bbox 1285 391 1402 441; x_wconf 77' lang='lat' dir='ltr'>suam</span> <span class='ocrx_word' id='word_1_217' title='bbox 1425 394 1827 463; x_wconf 84' lang='lat' dir='ltr'>obstringerefidem</span> <span class='ocrx_word' id='word_1_218' title='bbox 1842 412 1983 462; x_wconf 68' lang='lat' dir='ltr'>quam</span> 
     </span>
     <span class='ocr_line' id='line_1_44' title="bbox 1094 465 1982 518; baseline 0.003 -12"><span class='ocrx_word' id='word_1_219' title='bbox 1094 476 1140 507; x_wconf 88' lang='lat' dir='ltr'>to</span> <span class='ocrx_word' id='word_1_220' title='bbox 1173 466 1332 510; x_wconf 83' lang='lat' dir='ltr'>tutius?</span> <span class='ocrx_word' id='word_1_221' title='bbox 1367 465 1436 510; x_wconf 90' lang='lat' dir='ltr'>M.</span> <span class='ocrx_word' id='word_1_222' title='bbox 1465 465 1690 511; x_wconf 87' lang='lat' dir='ltr'>Terentius</span> <span class='ocrx_word' id='word_1_223' title='bbox 1723 467 1877 518; x_wconf 82' lang='lat' dir='ltr'>Varro,</span> <span class='ocrx_word' id='word_1_224' title='bbox 1915 466 1982 509; x_wconf 79' lang='lat' dir='ltr'>in-</span> 
     </span>
     <span class='ocr_line' id='line_1_45' title="bbox 1092 528 1982 601; baseline 0.001 -27"><span class='ocrx_word' id='word_1_225' title='bbox 1092 529 1318 595; x_wconf 79' lang='lat' dir='ltr'>vestigator</span> <span class='ocrx_word' id='word_1_226' title='bbox 1346 536 1488 579; x_wconf 90' lang='lat' dir='ltr'>omnis</span> <span class='ocrx_word' id='word_1_227' title='bbox 1511 535 1785 601; x_wconf 77' lang='lat' dir='ltr'>antiquitatis¹</span> <span class='ocrx_word' id='word_1_228' title='bbox 1799 528 1982 597; x_wconf 83' lang='lat' dir='ltr'>diligen-</span> 
     </span>
     <span class='ocr_line' id='line_1_46' title="bbox 1093 595 1982 655; baseline 0.006 -15"><span class='ocrx_word' id='word_1_229' title='bbox 1093 595 1286 655; x_wconf 86' lang='lat' dir='ltr'>tiffimus,</span> <span class='ocrx_word' id='word_1_230' title='bbox 1325 608 1369 646; x_wconf 91' lang='lat'>&amp;</span> <span class='ocrx_word' id='word_1_231' title='bbox 1415 604 1722 648; x_wconf 81' lang='lat' dir='ltr'>Romanorum</span> <span class='ocrx_word' id='word_1_232' title='bbox 1763 597 1850 647; x_wconf 85' lang='lat' dir='ltr'>fine</span> <span class='ocrx_word' id='word_1_233' title='bbox 1876 616 1982 646; x_wconf 87' lang='lat' dir='ltr'>con-</span> 
     </span>
     <span class='ocr_line' id='line_1_47' title="bbox 1093 664 1984 726; baseline 0.006 -18"><span class='ocrx_word' id='word_1_234' title='bbox 1093 664 1292 712; x_wconf 77' lang='lat' dir='ltr'>troversia</span> <span class='ocrx_word' id='word_1_235' title='bbox 1326 666 1641 726; x_wconf 86' lang='lat' dir='ltr'>eruditissimus,</span> <span class='ocrx_word' id='word_1_236' title='bbox 1677 685 1843 717; x_wconf 85' lang='lat' dir='ltr'>annum</span> <span class='ocrx_word' id='word_1_237' title='bbox 1869 666 1984 714; x_wconf 83' lang='lat' dir='ltr'>deci-</span> 
     </span>
     <span class='ocr_line' id='line_1_48' title="bbox 1094 731 1984 803; baseline 0.006 -26"><span class='ocrx_word' id='word_1_238' title='bbox 1094 731 1294 781; x_wconf 88' lang='lat' dir='ltr'>mestrem</span> <span class='ocrx_word' id='word_1_239' title='bbox 1320 732 1393 781; x_wconf 87' lang='lat' dir='ltr'>sub</span> <span class='ocrx_word' id='word_1_240' title='bbox 1422 736 1618 786; x_wconf 87' lang='lat' dir='ltr'>Romulo</span> <span class='ocrx_word' id='word_1_241' title='bbox 1653 733 1848 803; x_wconf 82' lang='lat' dir='ltr'>placuisse</span> <span class='ocrx_word' id='word_1_242' title='bbox 1886 752 1984 782; x_wconf 87' lang='lat' dir='ltr'>om-</span> 
     </span>
     <span class='ocr_line' id='line_1_49' title="bbox 1095 802 1982 866; baseline 0.005 -20"><span class='ocrx_word' id='word_1_243' title='bbox 1095 803 1220 847; x_wconf 86' lang='lat' dir='ltr'>nium</span> <span class='ocrx_word' id='word_1_244' title='bbox 1245 806 1409 866; x_wconf 92' lang='lat' dir='ltr'>primus</span> <span class='ocrx_word' id='word_1_245' title='bbox 1434 803 1676 860; x_wconf 81' lang='lat' dir='ltr'>admonuit,</span> <span class='ocrx_word' id='word_1_246' title='bbox 1698 804 1798 851; x_wconf 89' lang='lat' dir='ltr'>teste</span> <span class='ocrx_word' id='word_1_247' title='bbox 1821 802 1982 852; x_wconf 75' lang='lat' dir='ltr'>Censo-</span> 
     </span>
     <span class='ocr_line' id='line_1_50' title="bbox 1095 867 1984 939; baseline 0.004 -24"><span class='ocrx_word' id='word_1_248' title='bbox 1095 872 1191 916; x_wconf 88' lang='lat' dir='ltr'>rino</span> <span class='ocrx_word' id='word_1_249' title='bbox 1221 872 1267 916; x_wconf 93' lang='lat' dir='ltr'>in</span> <span class='ocrx_word' id='word_1_250' title='bbox 1302 867 1431 925; x_wconf 88' lang='lat' dir='ltr'>libro,</span> <span class='ocrx_word' id='word_1_251' title='bbox 1484 887 1617 939; x_wconf 89' lang='lat' dir='ltr'>quem</span> <span class='ocrx_word' id='word_1_252' title='bbox 1651 876 1847 936; x_wconf 88' lang='lat' dir='ltr'>proxime</span> <span class='ocrx_word' id='word_1_253' title='bbox 1881 871 1984 920; x_wconf 86' lang='lat' dir='ltr'>dixi.</span> 
     </span>
     <span class='ocr_line' id='line_1_51' title="bbox 1096 936 1989 1005; baseline 0.003 -21"><span class='ocrx_word' id='word_1_254' title='bbox 1096 939 1200 984; x_wconf 89' lang='lat' dir='ltr'>Hoc</span> <span class='ocrx_word' id='word_1_255' title='bbox 1226 937 1319 986; x_wconf 90' lang='lat' dir='ltr'>vult</span> <span class='ocrx_word' id='word_1_256' title='bbox 1356 936 1498 1004; x_wconf 90' lang='lat' dir='ltr'>ipsum</span> <span class='ocrx_word' id='word_1_257' title='bbox 1538 944 1736 1005; x_wconf 88' lang='lat' dir='ltr'>princeps</span> <span class='ocrx_word' id='word_1_258' title='bbox 1776 943 1989 987; x_wconf 79' lang='lat' dir='ltr'>Romanae</span> 
     </span>
     <span class='ocr_line' id='line_1_52' title="bbox 1097 1006 2002 1056; baseline 0.002 -4"><span class='ocrx_word' id='word_1_259' title='bbox 1097 1006 1297 1055; x_wconf 70' lang='lat' dir='ltr'>Historiae</span> <span class='ocrx_word' id='word_1_260' title='bbox 1328 1009 1385 1054; x_wconf 90' lang='lat' dir='ltr'>T.</span> <span class='ocrx_word' id='word_1_261' title='bbox 1411 1010 1555 1056; x_wconf 84' lang='lat' dir='ltr'>Livius</span> <span class='ocrx_word' id='word_1_262' title='bbox 1577 1012 1623 1055; x_wconf 88' lang='lat' dir='ltr'>in</span> <span class='ocrx_word' id='word_1_263' title='bbox 1652 1010 1818 1055; x_wconf 90' lang='lat' dir='ltr'>Numae</span> <span class='ocrx_word' id='word_1_264' title='bbox 1857 1011 2002 1054; x_wconf 59' lang='lat' dir='ltr'>Pom-</span> 
     </span>
     <span class='ocr_line' id='line_1_53' title="bbox 1097 1071 1991 1141; baseline 0.002 -21"><span class='ocrx_word' id='word_1_265' title='bbox 1097 1071 1188 1139; x_wconf 88' lang='lat' dir='ltr'>pilii</span> <span class='ocrx_word' id='word_1_266' title='bbox 1209 1075 1348 1132; x_wconf 90' lang='lat' dir='ltr'>rebus,</span> <span class='ocrx_word' id='word_1_267' title='bbox 1383 1091 1487 1124; x_wconf 88' lang='lat' dir='ltr'>cum</span> <span class='ocrx_word' id='word_1_268' title='bbox 1513 1080 1597 1123; x_wconf 84' lang='lat' dir='ltr'>ait:</span> <span class='ocrx_word' id='word_1_269' title='bbox 1635 1079 1809 1123; x_wconf 81' lang='lat' dir='ltr'>Omnium</span> <span class='ocrx_word' id='word_1_270' title='bbox 1823 1080 1991 1141; x_wconf 86' lang='lat' dir='ltr'>primum</span> 
     </span>
     <span class='ocr_line' id='line_1_54' title="bbox 1097 1142 1991 1210; baseline 0.002 -22"><span class='ocrx_word' id='word_1_271' title='bbox 1097 1143 1153 1188; x_wconf 84' lang='lat' dir='ltr'>ad</span> <span class='ocrx_word' id='word_1_272' title='bbox 1176 1142 1332 1208; x_wconf 80' lang='lat' dir='ltr'>cursum</span> <span class='ocrx_word' id='word_1_273' title='bbox 1355 1149 1476 1192; x_wconf 76' lang='lat' dir='ltr'>Lunae</span> <span class='ocrx_word' id='word_1_274' title='bbox 1498 1149 1539 1191; x_wconf 87' lang='lat' dir='ltr'>in</span> <span class='ocrx_word' id='word_1_275' title='bbox 1564 1161 1657 1192; x_wconf 85' lang='lat' dir='ltr'>X11.</span> <span class='ocrx_word' id='word_1_276' title='bbox 1686 1146 1829 1210; x_wconf 67' lang='lat' dir='ltr'>menses</span> <span class='ocrx_word' id='word_1_277' title='bbox 1854 1149 1991 1191; x_wconf 81' lang='lat' dir='ltr'>Numa</span> 
     </span>
     <span class='ocr_line' id='line_1_55' title="bbox 1098 1210 1995 1279; baseline 0.004 -23"><span class='ocrx_word' id='word_1_278' title='bbox 1098 1210 1279 1276; x_wconf 81' lang='lat' dir='ltr'>describit</span> <span class='ocrx_word' id='word_1_279' title='bbox 1311 1231 1464 1260; x_wconf 83' lang='lat' dir='ltr'>annum.</span> <span class='ocrx_word' id='word_1_280' title='bbox 1513 1211 1702 1261; x_wconf 87' lang='lat' dir='ltr'>Ovidius</span> <span class='ocrx_word' id='word_1_281' title='bbox 1742 1228 1870 1279; x_wconf 85' lang='lat' dir='ltr'>poeta</span> <span class='ocrx_word' id='word_1_282' title='bbox 1896 1210 1995 1260; x_wconf 72' lang='lat' dir='ltr'>du}-</span> 
     </span>
     <span class='ocr_line' id='line_1_56' title="bbox 1099 1277 1996 1350; baseline 0.003 -25"><span class='ocrx_word' id='word_1_283' title='bbox 1099 1278 1302 1336; x_wconf 85' lang='lat' dir='ltr'>ciffimus,</span> <span class='ocrx_word' id='word_1_284' title='bbox 1339 1277 1545 1350; x_wconf 88' lang='lat' dir='ltr'>idemque</span> <span class='ocrx_word' id='word_1_285' title='bbox 1575 1287 1787 1331; x_wconf 82' lang='lat' dir='ltr'>Romanae</span> <span class='ocrx_word' id='word_1_286' title='bbox 1811 1282 1996 1329; x_wconf 79' lang='lat' dir='ltr'>vetusta..-</span> 
     </span>
     <span class='ocr_line' id='line_1_57' title="bbox 1101 1350 1995 1407; baseline 0.004 -14"><span class='ocrx_word' id='word_1_287' title='bbox 1101 1351 1150 1394; x_wconf 88' lang='lat' dir='ltr'>tis</span> <span class='ocrx_word' id='word_1_288' title='bbox 1170 1356 1213 1394; x_wconf 87' lang='lat'>&amp;</span> <span class='ocrx_word' id='word_1_289' title='bbox 1231 1353 1276 1395; x_wconf 90' lang='lat' dir='ltr'>in</span> <span class='ocrx_word' id='word_1_290' title='bbox 1287 1353 1471 1397; x_wconf 81' lang='lat' dir='ltr'>inventis</span> <span class='ocrx_word' id='word_1_291' title='bbox 1499 1350 1639 1407; x_wconf 90' lang='lat' dir='ltr'>rebus,</span> <span class='ocrx_word' id='word_1_292' title='bbox 1660 1360 1703 1399; x_wconf 67' lang='grc' dir='ltr'>ὃς</span> <span class='ocrx_word' id='word_1_293' title='bbox 1720 1355 1767 1398; x_wconf 91' lang='lat' dir='ltr'>in</span> <span class='ocrx_word' id='word_1_294' title='bbox 1779 1354 1882 1398; x_wconf 60' lang='lat' dir='ltr'>actis</span> <span class='ocrx_word' id='word_1_295' title='bbox 1908 1354 1995 1397; x_wconf 85' lang='lat' dir='ltr'>exi-</span> 
     </span>
     <span class='ocr_line' id='line_1_58' title="bbox 1101 1419 2008 1486; baseline 0.004 -24"><span class='ocrx_word' id='word_1_296' title='bbox 1101 1420 1188 1462; x_wconf 88' lang='lat' dir='ltr'>mie</span> <span class='ocrx_word' id='word_1_297' title='bbox 1215 1422 1387 1482; x_wconf 88' lang='lat' dir='ltr'>peritus,</span> <span class='ocrx_word' id='word_1_298' title='bbox 1423 1422 1551 1467; x_wconf 87' lang='lat' dir='ltr'>initio</span> <span class='ocrx_word' id='word_1_299' title='bbox 1577 1424 1708 1486; x_wconf 89' lang='lat' dir='ltr'>primi</span> <span class='ocrx_word' id='word_1_300' title='bbox 1743 1419 1967 1469; x_wconf 87' lang='lat' dir='ltr'>Fastorum</span> <span class='ocrx_word' id='word_1_301' title='bbox 1982 1438 2008 1466; x_wconf 76' lang='grc' dir='ltr'>ε..</span> 
     </span>
     <span class='ocr_line' id='line_1_59' title="bbox 1134 1501 2007 1563; baseline 0.006 -19"><span class='ocrx_word' id='word_1_302' title='bbox 1134 1504 1311 1561; x_wconf 81' lang='lat' dir='ltr'>Tempora</span> <span class='ocrx_word' id='word_1_303' title='bbox 1336 1501 1526 1563; x_wconf 83' lang='lat' dir='ltr'>digereret</span> <span class='ocrx_word' id='word_1_304' title='bbox 1549 1520 1635 1548; x_wconf 88' lang='lat' dir='ltr'>cum</span> <span class='ocrx_word' id='word_1_305' title='bbox 1660 1502 1837 1549; x_wconf 83' lang='lat' dir='ltr'>conditor</span> <span class='ocrx_word' id='word_1_306' title='bbox 1861 1502 2007 1558; x_wconf 48' lang='lat' dir='ltr'>Urbisy.</span> 
     </span>
     <span class='ocr_line' id='line_1_60' title="bbox 1257 1583 1789 1625; baseline 0.006 -15"><span class='ocrx_word' id='word_1_307' title='bbox 1257 1583 1298 1610; x_wconf 86' lang='lat' dir='ltr'>m</span> <span class='ocrx_word' id='word_1_308' title='bbox 1325 1583 1426 1611; x_wconf 82' lang='lat' dir='ltr'><em>anno</em></span> <span class='ocrx_word' id='word_1_309' title='bbox 1786 1622 1789 1625; x_wconf 16' lang='grc' dir='ltr'><strong>Δ</strong></span> 
     </span>
     <span class='ocr_line' id='line_1_61' title="bbox 1183 1631 2008 1702; baseline 0.011 -25"><span class='ocrx_word' id='word_1_310' title='bbox 1183 1631 1386 1688; x_wconf 80' lang='lat' dir='ltr'>Constituit</span> <span class='ocrx_word' id='word_1_311' title='bbox 1398 1636 1540 1698; x_wconf 72' lang='lat' dir='ltr'>menses</span> <span class='ocrx_word' id='word_1_312' title='bbox 1568 1635 1734 1702; x_wconf 77' lang='lat' dir='ltr'>quinque</span> <span class='ocrx_word' id='word_1_313' title='bbox 1754 1635 1812 1682; x_wconf 75' lang='lat' dir='ltr'>bis</span> <span class='ocrx_word' id='word_1_314' title='bbox 1835 1636 2008 1702; x_wconf 55' lang='lat' dir='ltr'>effisua„</span> 
     </span>
     <span class='ocr_line' id='line_1_62' title="bbox 1137 1699 1998 1769; baseline 0.01 -26"><span class='ocrx_word' id='word_1_315' title='bbox 1137 1699 1295 1744; x_wconf 82' lang='lat' dir='ltr'>Scilicet</span> <span class='ocrx_word' id='word_1_316' title='bbox 1313 1717 1423 1746; x_wconf 81' lang='lat' dir='ltr'>arma</span> <span class='ocrx_word' id='word_1_317' title='bbox 1453 1705 1588 1767; x_wconf 80' lang='lat' dir='ltr'>magis,</span> <span class='ocrx_word' id='word_1_318' title='bbox 1622 1703 1891 1769; x_wconf 81' lang='lat' dir='ltr'>quamfidera,</span> <span class='ocrx_word' id='word_1_319' title='bbox 1918 1706 1998 1754; x_wconf 62' lang='grc' dir='ltr'>Κο4</span> 
     </span>
     <span class='ocr_line' id='line_1_63' title="bbox 1252 1769 1999 1825; baseline 0.008 -13"><span class='ocrx_word' id='word_1_320' title='bbox 1252 1769 1365 1823; x_wconf 84' lang='lat' dir='ltr'>mule,</span> <span class='ocrx_word' id='word_1_321' title='bbox 1402 1786 1532 1825; x_wconf 81' lang='lat' dir='ltr'>noras,</span> <span class='ocrx_word' id='word_1_322' title='bbox 1994 1773 1999 1774; x_wconf 40' lang='lat'><em>⁷</em></span> 
     </span>
     <span class='ocr_line' id='line_1_64' title="bbox 1185 1835 2001 1906; baseline 0.009 -24"><span class='ocrx_word' id='word_1_323' title='bbox 1185 1840 1360 1902; x_wconf 82' lang='lat' dir='ltr'>Curaque</span> <span class='ocrx_word' id='word_1_324' title='bbox 1371 1835 1563 1900; x_wconf 83' lang='lat' dir='ltr'>finitimos</span> <span class='ocrx_word' id='word_1_325' title='bbox 1583 1842 1743 1887; x_wconf 82' lang='lat' dir='ltr'>vincere</span> <span class='ocrx_word' id='word_1_326' title='bbox 1757 1844 1881 1906; x_wconf 85' lang='lat' dir='ltr'>major</span> <span class='ocrx_word' id='word_1_327' title='bbox 1893 1844 2001 1890; x_wconf 63' lang='lat' dir='ltr'>erat:</span> 
     </span>
     <span class='ocr_line' id='line_1_65' title="bbox 1135 1904 1999 1976; baseline 0.01 -27"><span class='ocrx_word' id='word_1_328' title='bbox 1135 1904 1202 1966; x_wconf 85' lang='lat' dir='ltr'>Est</span> <span class='ocrx_word' id='word_1_329' title='bbox 1223 1918 1352 1951; x_wconf 84' lang='lat' dir='ltr'>tamen</span> <span class='ocrx_word' id='word_1_330' title='bbox 1379 1909 1440 1960; x_wconf 66' lang='lat'>&amp;³</span> <span class='ocrx_word' id='word_1_331' title='bbox 1476 1911 1595 1963; x_wconf 78' lang='lat' dir='ltr'>ratio,</span> <span class='ocrx_word' id='word_1_332' title='bbox 1633 1911 1771 1974; x_wconf 72' lang='lat' dir='ltr'>Caefizr,</span> <span class='ocrx_word' id='word_1_333' title='bbox 1807 1928 1890 1975; x_wconf 84' lang='lat' dir='ltr'>quae</span> <span class='ocrx_word' id='word_1_334' title='bbox 1917 1930 1999 1976; x_wconf 41' lang='lat' dir='ltr'>mos</span> 
     </span>
     <span class='ocr_line' id='line_1_66' title="bbox 1204 1974 1514 2030; baseline 0.006 -12"><span class='ocrx_word' id='word_1_335' title='bbox 1204 1990 1207 1992; x_wconf 91' lang='grc'><em>·</em></span> <span class='ocrx_word' id='word_1_336' title='bbox 1252 1977 1364 2019; x_wconf 82' lang='lat' dir='ltr'>verit</span> <span class='ocrx_word' id='word_1_337' title='bbox 1393 1974 1514 2030; x_wconf 89' lang='lat' dir='ltr'>illum,</span> 
     </span>
     <span class='ocr_line' id='line_1_67' title="bbox 1181 2044 1999 2110; baseline 0.011 -24"><span class='ocrx_word' id='word_1_338' title='bbox 1181 2046 1431 2108; x_wconf 72' lang='lat' dir='ltr'>Erroremque</span> <span class='ocrx_word' id='word_1_339' title='bbox 1446 2045 1562 2107; x_wconf 78' lang='lat' dir='ltr'>suum</span> <span class='ocrx_word' id='word_1_340' title='bbox 1583 2062 1656 2110; x_wconf 86' lang='lat' dir='ltr'>quo</span> <span class='ocrx_word' id='word_1_341' title='bbox 1680 2056 1841 2093; x_wconf 84' lang='lat' dir='ltr'>tueatur</span> <span class='ocrx_word' id='word_1_342' title='bbox 1863 2044 1999 2095; x_wconf 65' lang='lat' dir='ltr'>habet:</span> 
     </span>
     <span class='ocr_line' id='line_1_68' title="bbox 1137 2110 1995 2180; baseline 0.01 -26"><span class='ocrx_word' id='word_1_343' title='bbox 1137 2110 1369 2177; x_wconf 65' lang='lat' dir='ltr'>Qodfittis</span> <span class='ocrx_word' id='word_1_344' title='bbox 1396 2111 1461 2173; x_wconf 76' lang='lat' dir='ltr'>est,</span> <span class='ocrx_word' id='word_1_345' title='bbox 1498 2125 1607 2159; x_wconf 84' lang='lat' dir='ltr'>utero</span> <span class='ocrx_word' id='word_1_346' title='bbox 1634 2118 1774 2162; x_wconf 75' lang='lat' dir='ltr'>matris</span> <span class='ocrx_word' id='word_1_347' title='bbox 1798 2116 1888 2162; x_wconf 88' lang='lat' dir='ltr'>dum</span> <span class='ocrx_word' id='word_1_348' title='bbox 1902 2130 1995 2180; x_wconf 85' lang='lat' dir='ltr'>pro-</span> 
     </span>
     <span class='ocr_line' id='line_1_69' title="bbox 1250 2179 1531 2244; baseline 0.011 -21"><span class='ocrx_word' id='word_1_349' title='bbox 1250 2179 1343 2225; x_wconf 77' lang='lat' dir='ltr'>deat</span> <span class='ocrx_word' id='word_1_350' title='bbox 1367 2180 1531 2244; x_wconf 67' lang='lat' dir='ltr'>infans,</span> 
     </span>
     <span class='ocr_line' id='line_1_70' title="bbox 1184 2248 2005 2319; baseline 0.009 -28"><span class='ocrx_word' id='word_1_351' title='bbox 1184 2251 1269 2292; x_wconf 90' lang='lat' dir='ltr'>Hoc</span> <span class='ocrx_word' id='word_1_352' title='bbox 1291 2248 1550 2311; x_wconf 75' lang='lat' dir='ltr'>annastatuit</span> <span class='ocrx_word' id='word_1_353' title='bbox 1578 2257 1756 2315; x_wconf 82' lang='lat' dir='ltr'>temporis</span> <span class='ocrx_word' id='word_1_354' title='bbox 1781 2253 1846 2319; x_wconf 72' lang='lat' dir='ltr'>effi’</span> <span class='ocrx_word' id='word_1_355' title='bbox 1868 2255 2005 2318; x_wconf 76' lang='lat' dir='ltr'>stitis..</span> 
     </span>
     <span class='ocr_line' id='line_1_71' title="bbox 1132 2316 2003 2386; baseline 0.005 -26"><span class='ocrx_word' id='word_1_356' title='bbox 1132 2320 1209 2361; x_wconf 86' lang='lat' dir='ltr'>Per</span> <span class='ocrx_word' id='word_1_357' title='bbox 1229 2316 1388 2361; x_wconf 85' lang='lat' dir='ltr'>totidem</span> <span class='ocrx_word' id='word_1_358' title='bbox 1413 2319 1556 2383; x_wconf 87' lang='lat' dir='ltr'>menses</span> <span class='ocrx_word' id='word_1_359' title='bbox 1579 2335 1606 2363; x_wconf 93' lang='lat' dir='ltr'><em>a</em></span> <span class='ocrx_word' id='word_1_360' title='bbox 1627 2320 1778 2385; x_wconf 75' lang='lat' dir='ltr'>funere</span> <span class='ocrx_word' id='word_1_361' title='bbox 1799 2324 2003 2386; x_wconf 77' lang='lat' dir='ltr'>conjugis,</span> 
     </span>
     <span class='ocr_line' id='line_1_72' title="bbox 1236 2402 1335 2430; baseline 0.02 -2"><span class='ocrx_word' id='word_1_362' title='bbox 1236 2402 1335 2430; x_wconf 83' lang='lat' dir='ltr'>uxor</span> 
     </span>
     <span class='ocr_line' id='line_1_73' title="bbox 1179 2451 2002 2521; baseline 0.004 -24"><span class='ocrx_word' id='word_1_363' title='bbox 1179 2451 1347 2513; x_wconf 75' lang='lat' dir='ltr'>Sustinet</span> <span class='ocrx_word' id='word_1_364' title='bbox 1365 2457 1406 2499; x_wconf 88' lang='lat' dir='ltr'>in</span> <span class='ocrx_word' id='word_1_365' title='bbox 1432 2454 1559 2500; x_wconf 72' lang='lat' dir='ltr'>‘vidua</span> <span class='ocrx_word' id='word_1_366' title='bbox 1587 2456 1713 2517; x_wconf 82' lang='lat' dir='ltr'>tristia</span> <span class='ocrx_word' id='word_1_367' title='bbox 1723 2456 1843 2521; x_wconf 80' lang='lat' dir='ltr'>signa</span> <span class='ocrx_word' id='word_1_368' title='bbox 1867 2456 2002 2503; x_wconf 86' lang='lat' dir='ltr'>domo..</span> 
     </span>
     <span class='ocr_line' id='line_1_74' title="bbox 1131 2523 1863 2586; baseline 0.011 -22"><span class='ocrx_word' id='word_1_369' title='bbox 1131 2523 1288 2566; x_wconf 61' lang='lat' dir='ltr'>Mam:</span> <span class='ocrx_word' id='word_1_370' title='bbox 1314 2536 1402 2568; x_wconf 82' lang='lat' dir='ltr'>erat</span> <span class='ocrx_word' id='word_1_371' title='bbox 1417 2526 1566 2586; x_wconf 79' lang='lat' dir='ltr'>primus</span> <span class='ocrx_word' id='word_1_372' title='bbox 1592 2523 1740 2586; x_wconf 60' lang='lat' dir='ltr'>meiqsis,</span> <span class='ocrx_word' id='word_1_373' title='bbox 1781 2533 1863 2572; x_wconf 85' lang='lat' dir='ltr'>&amp;c.</span> 
     </span>
     <span class='ocr_line' id='line_1_75' title="bbox 1100 2589 1314 2635; baseline 0.005 -2"><span class='ocrx_word' id='word_1_374' title='bbox 1100 2589 1156 2634; x_wconf 83' lang='lat' dir='ltr'>Et</span> <span class='ocrx_word' id='word_1_375' title='bbox 1184 2605 1314 2635; x_wconf 82' lang='lat' dir='ltr'>mox:</span> 
     </span>
     <span class='ocr_line' id='line_1_76' title="bbox 1132 2656 2002 2720; baseline 0.009 -17"><span class='ocrx_word' id='word_1_376' title='bbox 1132 2656 1208 2720; x_wconf 84' lang='lat' dir='ltr'>Ast</span> <span class='ocrx_word' id='word_1_377' title='bbox 1246 2661 1380 2703; x_wconf 80' lang='lat' dir='ltr'>Numa</span> <span class='ocrx_word' id='word_1_378' title='bbox 1422 2675 1491 2703; x_wconf 81' lang='lat' dir='ltr'>nec</span> <span class='ocrx_word' id='word_1_379' title='bbox 1531 2656 1699 2720; x_wconf 80' lang='lat' dir='ltr'>Janum,</span> <span class='ocrx_word' id='word_1_380' title='bbox 1735 2675 1805 2706; x_wconf 81' lang='lat' dir='ltr'>uec</span> <span class='ocrx_word' id='word_1_381' title='bbox 1843 2666 2002 2710; x_wconf 57' lang='lat' dir='ltr'>avitas&gt;</span> 
     </span>
     <span class='ocr_line' id='line_1_77' title="bbox 1226 2724 1589 2788; baseline -0.003 -17"><span class='ocrx_word' id='word_1_382' title='bbox 1226 2728 1402 2788; x_wconf 64' lang='lat' dir='ltr'>praeterit</span> <span class='ocrx_word' id='word_1_383' title='bbox 1423 2724 1589 2781; x_wconf 78' lang='lat' dir='ltr'>umbras,-</span> 
     </span>
     <span class='ocr_line' id='line_1_78' title="bbox 1168 2791 1952 2858; baseline 0.011 -21"><span class='ocrx_word' id='word_1_384' title='bbox 1168 2791 1369 2856; x_wconf 62' lang='lat' dir='ltr'>Aelenfibus</span> <span class='ocrx_word' id='word_1_385' title='bbox 1394 2795 1566 2858; x_wconf 77' lang='lat' dir='ltr'>antiquis</span> <span class='ocrx_word' id='word_1_386' title='bbox 1587 2793 1741 2841; x_wconf 84' lang='lat' dir='ltr'>addidit</span> <span class='ocrx_word' id='word_1_387' title='bbox 1761 2797 1826 2844; x_wconf 85' lang='lat' dir='ltr'>ille</span> <span class='ocrx_word' id='word_1_388' title='bbox 1846 2799 1952 2846; x_wconf 76' lang='lat' dir='ltr'>duos.</span> 
     </span>
    </p>
   </div>
   <div class='ocr_carea' id='block_1_5' title="bbox 1871 2865 1997 2916">
    <p class='ocr_par' dir='ltr' id='par_1_5' title="bbox 1871 2865 1997 2916">
     <span class='ocr_line' id='line_1_79' title="bbox 1871 2865 1997 2916; baseline 0.032 -4"><span class='ocrx_word' id='word_1_389' title='bbox 1871 2865 1997 2916; x_wconf 86' lang='lat' dir='ltr'>Idem</span> 
     </span>
    </p>
   </div>
  </div>
 </body>
</html>
