2350 3192
441 134 578 190 IN
683 130 1033 189 PLUT

153 260 213 311 ὠ
244 253 512 318 conficiebatur
539 251 668 299 diebus
707 267 873 299 eccur.
911 247 1032 296 Idem

154 320 307 370 eodem
333 338 525 368 extremo
564 323 726 383 capite:
762 322 856 362 Haec
883 315 972 380 fuit
992 335 1034 362 -u

150 391 307 437 Romulo
336 406 465 435 annua
497 388 679 434 ordinata
715 384 837 429 dimen
854 402 904 438 zo,
950 388 1030 449 qui,

138 459 249 523 ficut
261 459 384 522 supra
404 461 488 518 jam
511 455 691 507 diximus,
707 469 847 497 annum
870 470 911 496 x.
931 470 1035 497 men—

140 526 258 589 fium,
294 525 438 571 dierum
473 540 569 568 ‘vero
610 537 677 567 IV.
717 522 778 573 ῥ’
810 536 920 566 CCC.
964 519 1034 565 ha-

155 592 312 639 bendum
338 592 402 655 ff
428 589 612 651 instituit3
648 587 860 651 mensesque
876 590 936 632 ita
958 588 1035 651 dis-

146 662 290 725 posuit,
325 670 370 704 ut
400 669 567 721 quatuor
591 672 639 702 ex
676 654 735 701 his
766 658 932 700 tricenos
950 655 1038 716 stn-

149 729 275 792 gulos,
300 724 377 788 fix
403 743 500 770 vero
524 727 690 770 tricenos
725 721 909 768 haberent
942 722 1035 769 dies.

155 793 232 840 Sed
254 810 337 839 cum
361 796 396 838 is
418 809 594 838 numerus
616 810 736 857 neque
775 791 872 837 Solis
895 792 1037 854 cursui,

152 878 268 926 neque
292 865 412 906 Lunae
427 859 641 907 rationibus
675 862 917 914 conveniret,
952 866 1036 905 &c.

157 926 428 983 Censorinus,
465 932 642 975 eximius
672 924 740 974 ille
774 933 819 974 δε
855 923 1041 973 ἀοθείίῖἰ-

156 1014 251 1043 mus
276 1012 526 1062 temporum
572 1004 615 1042 δε
642 998 905 1062 antiquitatis
946 998 1043 1042 vin-

157 1062 253 1121 dex,
288 1068 334 1111 in
369 1061 541 1111 aureolo
576 1061 686 1111 libro
724 1061 777 1109 de
816 1067 899 1110 Die
925 1078 1043 1110 nata-

156 1129 200 1188 li,
237 1131 452 1200 quemad
480 1136 550 1194 Q
567 1130 812 1180 Caerellium
841 1128 1044 1179 scribebat

158 1218 275 1248 anno
298 1219 322 1247 a
350 1201 652 1247 constitutione
677 1197 940 1266 Iphitearum
977 1202 1046 1245 O-

158 1265 430 1334 lympiadum
458 1285 610 1317 Mx1v.
639 1268 685 1316 id
711 1269 785 1324 est,
815 1267 1047 1333 Olympia-

158 1335 221 1382 dis
248 1355 415 1385 ccuv.
442 1355 560 1384 anno
588 1354 639 1384 11.
676 1336 835 1384 Christi
859 1340 1047 1383 Domini

164 1420 311 1451 CCXL,
336 1409 511 1471 Imperii
532 1408 766 1453 Maximini
792 1421 860 1452 1v.
888 1411 1047 1452 Annum

157 1485 380 1521 ‚vertentem
403 1478 527 1518 Romae
562 1477 739 1519 Licinius
772 1473 921 1536 quidem
947 1478 1048 1519 Ma-

158 1557 238 1594 cer,
264 1541 324 1592 &
342 1539 469 1604 postea
495 1539 713 1602 Fenestella,
736 1540 876 1601 statim
902 1539 950 1583 ab
974 1545 1048 1584 ini-

162 1609 219 1651 tio
240 1621 332 1651 ΧΠ.
364 1607 537 1668 mensium
551 1605 664 1669 fuzffit
683 1607 938 1669 scripserunt.
976 1606 1054 1651 Sed

163 1676 285 1738 magis
325 1671 452 1736 Junio
492 1671 744 1728 Gracchano,
794 1675 853 1726 &
893 1673 1048 1727 Fulvio,

163 1745 223 1796 &
255 1745 430 1800 Varroni,
468 1744 527 1796 ὠ
555 1743 747 1803 Suetonio,
784 1739 944 1804 aliisque
969 1757 1052 1786 cre-

164 1810 348 1866 dendum,
399 1813 466 1875 qui
508 1825 558 1855 X.
600 1808 774 1872 menstum
803 1819 1052 1871 putaverunt

152 1877 271 1942 fuiſje
288 1898 301 1923 .·
336 1890 381 1923 ut
410 1892 504 1924 tunc
531 1875 711 1923 Albanus
739 1887 841 1933 erat,
868 1875 966 1921 unde
990 1893 1053 1922 or-

161 1949 197 1991 ti
223 1949 395 1992 Romani.
426 1949 481 1992 Hi
507 1962 557 1991 x.
590 1946 748 2011 menses,
784 1944 864 1991 dies
881 1961 1048 1993 CCCIV.

162 2012 361 2079 hoc'modo
384 2013 573 2060 habebant
588 2033 602 2060 .-

227 2085 410 2129 Martius
895 2097 1046 2129 XXXI.

228 2151 381 2214 Aprilis
894 2165 1024 2196 xxx.

229 2221 369 2264 Maius
892 2234 925 2264 x
934 2234 967 2264 x
974 2234 1043 2265 xr.

233 2285 383 2348 Junius
895 2301 1026 2332 xxx.

231 2355 413 2415 Qintilis
893 2369 1044 2402 XXXI.

236 2422 394 2468 Sextilis
424 2424 484 2476 ὠ·
508 2420 725 2487 September
899 2438 1029 2469 xxx.

234 2487 394 2535 ottober
889 2506 1028 2537 XXXI
1034 2528 1043 2537 .

232 2555 456 2620 November
481 2559 539 2612 ὠν
566 2555 768 2603 December
896 2574 1026 2605 XXX.

165 2633 331 2692 Qorum
374 2636 540 2691 quatuor
570 2630 732 2690 majores
762 2624 885 2690 pleni,
922 2629 1049 2674 caeteri

155 2696 232 2758 Jex
261 2696 357 2739 cavi
376 2705 586 2739 vocantur.
624 2696 685 2739 Ex
711 2688 796 2738 hoc
829 2690 1050 2742 Censorini

169 2760 425 2817 testimonio,
467 2778 614 2827 praeter
635 2756 824 2809 laudatos
845 2761 1049 2820 austoreS,

237 2831 310 2875 Vo
326 2846 365 2876 ι..
402 2833 434 2876 Ι.
503 2849 506 2851 ·

1079 133 1678 195 ARCHUM.

1078 250 1218 301 adhuc
1253 260 1522 312 Suetonium,
1553 254 1975 303 FulviumNobilio'-e

1080 339 1184 376 rem,
1223 331 1266 368 ὃς
1298 327 1474 385 Iunium
1500 322 1819 379 Gracchanum,
1856 328 1966 369 anti-

1079 407 1187 455 quos
1215 398 1259 435 ὃς
1287 386 1460 438 illustres
1495 389 1724 456 scriptores,
1760 391 1812 438 de
1850 409 1966 439 anno

1080 455 1263 504 Romuli
1294 458 1531 505 decimestri
1557 457 1682 523 plane
1698 456 1847 505 eadem
1863 477 1966 506 cum

1080 527 1274 572 Varrone
1319 525 1474 574 senfiffe
1531 525 1843 592 cognoscimu3‚
1891 525 1965 572 etsi

1081 608 1247 648 eorum,
1284 591 1392 640 sicut
1420 604 1463 642 δε
1493 598 1694 642 Varronis
1720 591 1846 658 ipsius
1864 611 1966 657 ope-

1080 676 1139 713 ra,
1176 663 1221 704 in
1259 663 1415 727 quibus
1456 660 1540 709 hoc
1579 677 1886 729 argumentum
1916 662 1973 709 sc-

1082 722 1186 772 dulo
1214 733 1441 775 metatum
1466 747 1595 797 atque
1632 734 1842 796 agitatum
1880 728 1970 777 fuc-

1082 810 1160 850 rat,
1194 796 1287 841 aeta
1326 812 1437 842 retro
1469 795 1601 843 secula
1643 797 1768 843 nobis
1804 795 1972 845 invide-

1082 878 1193 909 runt.
1267 866 1355 909 Hic
1383 881 1486 929 ergo
1508 861 1671 924 ⁴valeat,
1706 863 1737 909 si
1776 881 1973 930 unquam

1085 928 1202 986 alibi,
1240 934 1494 978 Graecorum
1519 928 1724 998 adagium
1750 946 1886 990 vetUS,
1906 931 1981 992 ἥδ’

1085 997 1281 1052 πλειόνων
1309 998 1496 1067 alfio&
1524 1003 1632 1067 νικςῖ.

1896 154 1961 208 17

1169 1153 1759 1202 ANIMADVERSIO
1807 1153 1910 1203 vn.
1966 1136 1979 1142 “

1091 1297 1395 1357 Argumentatio
1409 1291 1614 1340 Plutarchi
1632 1288 1986 1355 dominabis-&i

1161 1374 1207 1407 ut
1229 1360 1365 1426 probet
1401 1380 1527 1408 eorum
1567 1366 1788 1428 opinionem,
1826 1366 1892 1427 qui
1930 1376 1981 1406 x.

1148 1430 1278 1495 solum
1305 1432 1448 1496 menfts
1470 1435 1512 1476 in
1536 1449 1638 1478 anno
1663 1444 1800 1477 vetere
1815 1435 1984 1475 Romano

1150 1497 1266 1561 futffie
1291 1497 1582 1543 contendebant.
1654 1503 1766 1544 Anni
1800 1497 1986 1543 Hebraici

1164 1567 1331 1627 antiqui,
1371 1567 1431 1616 &³
1457 1563 1626 1610 hodierni
1639 1565 1819 1627 Sinenfis,
1858 1563 1987 1627 Japo-

1161 1633 1254 1685 nici,
1292 1644 1409 1694 atque
1435 1631 1560 1677 Indici
1583 1633 1725 1696 menses
1766 1631 1815 1677 ab
1856 1632 1986 1677 ordine

1166 1700 1227 1751 &
1264 1714 1417 1743 numero
1462 1698 1707 1744 denominati.
1795 1699 1988 1745 Animad-

1162 1765 1284 1828 versa
1308 1768 1369 1819 &
1395 1765 1531 1830 soluta
1569 1765 1727 1830 objefi‘io
1766 1768 1987 1831 afflrtorum

1161 1837 1255 1878 anni
1279 1833 1580 1897 duodecimestris
1599 1833 1676 1899 sub
1693 1835 1863 1881 Romulo.
1879 1839 1982 1898 Reg-

1161 1919 1250 1946 num
1279 1901 1430 1947 Romuli
1454 1919 1640 1948 annorum
1657 1918 1744 1949 VII.
1774 1906 1833 1956 ὠ·
1850 1917 1978 1949 ΧΧΧ.

1162 1969 1435 2033 decimestrium
1454 1987 1506 2016 an
1534 1967 1882 2037 ἓωῶεκαμὰύων.

1173 2117 1225 2162 In
1248 2114 1403 2164 eodem
1429 2118 1627 2165 NUMA
1656 2134 1753 2185 pag.
1787 2130 1896 2179 156.

1091 2255 1339 2340 ΠΟλλοὶ
1373 2257 1426 2312 ὃέ
1455 2257 1567 2314 εἰσιν,
1606 2258 1643 2311 οἳ
1664 2258 1979 2329 veja-reflabo:

1217 2330 1353 2386 τέτες
1392 2329 1487 2385 im*
1527 2334 1681 2396 Νεμοῖ
1709 2331 1789 2386 ree
1837 2333 1976 2395 μῆνας

1091 2402 1274 2470 λέγω-ι,
1312 2399 1385 2456 τόν
1422 2426 1469 2456 τε
1509 2401 1777 2462 Ἰαννεοίρφιον
1822 2400 1858 2473 u}
1907 2401 1979 2453 τᾶν

1092 2476 1385 2546 Φείξεςοίαον,
1421 2474 1482 2539 Sl}
1511 2477 1659 2542 οἰξχῆς
1682 2474 1708 2539 '13
1735 2477 1880 2543 χξῆιθς
1909 2474 1978 2528 <3⁸2¹-

1092 2574 1153 2605 κα
1179 2551 1304 2618 μησὶν
1331 2551 1385 2607 εἰς
1412 2550 1483 2603 τὸν
1511 2546 1720 2601 ἕωιοωτόν.
1794 2545 1845 2593 Id
1881 2552 1978 2615 qui-

1093 2625 1195 2673 dem
1215 2628 1325 2672 recte
1350 2642 1400 2671 ac
1435 2640 1532 2670 vere
1574 2617 1814 2675 Plutarcho,
1849 2635 1979 2687 atque

1095 2691 1174 2742 illis
1203 2690 1413 2759 plurimis,
1447 2706 1556 2756 quos
1582 2685 1795 2754 intelligit,
1829 2686 1977 2753 prodi-

1097 2778 1209 2818 tum,
1225 2779 1275 2808 ex
1306 2753 1669 2806 animadversione
1687 2755 1830 2804 nostra
1859 2754 1979 2821 supe-

1277 2829 1310 2874 L
1330 2823 1344 2873 l
1367 2824 1382 2873 l
1873 2828 1983 2872 riore
