<?xml version="1.0" encoding="UTF-8"?>
<!DOCTYPE html PUBLIC "-//W3C//DTD XHTML 1.0 Transitional//EN"
    "http://www.w3.org/TR/xhtml1/DTD/xhtml1-transitional.dtd">
<html xmlns="http://www.w3.org/1999/xhtml" xml:lang="en" lang="en">
 <head>
  <title>
</title>
<meta http-equiv="Content-Type" content="text/html;charset=utf-8" />
  <meta name='ocr-system' content='tesseract 3.04.00' />
  <meta name='ocr-capabilities' content='ocr_page ocr_carea ocr_par ocr_line ocrx_word'/>
</head>
<body>
  <div class='ocr_page' id='page_1' title='image "./plutarchichaeron01plut_0017.png"; bbox 0 0 2350 3192; ppageno 0'>
   <div class='ocr_carea' id='block_1_1' title="bbox 666 134 1640 199">
    <p class='ocr_par' dir='ltr' id='par_1_1' title="bbox 666 134 1640 199">
     <span class='ocr_line' id='line_1_1' title="bbox 666 134 1640 199; baseline -0.002 -1"><span class='ocrx_word' id='word_1_1' title='bbox 666 134 1640 199; x_wconf 85' lang='lat' dir='ltr'><strong>LECTORI.</strong></span> 
     </span>
    </p>
   </div>
   <div class='ocr_carea' id='block_1_2' title="bbox 208 250 2066 2735">
    <p class='ocr_par' dir='ltr' id='par_1_2' title="bbox 231 250 2066 634">
     <span class='ocr_line' id='line_1_2' title="bbox 299 250 2066 321; baseline -0.002 -17"><span class='ocrx_word' id='word_1_2' title='bbox 299 256 408 305; x_wconf 72' lang='lat' dir='ltr'><em>Suos</em></span> <span class='ocrx_word' id='word_1_3' title='bbox 428 268 576 302; x_wconf 82' lang='lat' dir='ltr'><em>tamen</em></span> <span class='ocrx_word' id='word_1_4' title='bbox 611 252 827 318; x_wconf 84' lang='lat' dir='ltr'><em>adfinem</em></span> <span class='ocrx_word' id='word_1_5' title='bbox 859 256 992 319; x_wconf 77' lang='lat' dir='ltr'><em>usque</em></span> <span class='ocrx_word' id='word_1_6' title='bbox 1028 253 1165 321; x_wconf 84' lang='lat' dir='ltr'><em>operis</em></span> <span class='ocrx_word' id='word_1_7' title='bbox 1194 250 1300 302; x_wconf 87' lang='lat' dir='ltr'><em>Viro</em></span> <span class='ocrx_word' id='word_1_8' title='bbox 1337 254 1580 319; x_wconf 71' lang='lat' dir='ltr'><em>Clarifflmo</em></span> <span class='ocrx_word' id='word_1_9' title='bbox 1612 253 1855 320; x_wconf 71' lang='lat' dir='ltr'><em>perducere</em></span> <span class='ocrx_word' id='word_1_10' title='bbox 1885 273 1969 302; x_wconf 87' lang='lat' dir='ltr'><em>non</em></span> <span class='ocrx_word' id='word_1_11' title='bbox 2011 255 2066 301; x_wconf 85' lang='lat' dir='ltr'><em>li-</em></span> 
     </span>
     <span class='ocr_line' id='line_1_3' title="bbox 234 330 2063 404; baseline -0.001 -22"><span class='ocrx_word' id='word_1_12' title='bbox 234 335 344 395; x_wconf 74' lang='lat' dir='ltr'><em>cuit3</em></span> <span class='ocrx_word' id='word_1_13' title='bbox 382 333 592 404; x_wconf 79' lang='lat' dir='ltr'><em>imprffs</em></span> <span class='ocrx_word' id='word_1_14' title='bbox 627 333 739 380; x_wconf 85' lang='lat' dir='ltr'><em>enim</em></span> <span class='ocrx_word' id='word_1_15' title='bbox 759 330 889 393; x_wconf 87' lang='lat' dir='ltr'><em>Vitis,</em></span> <span class='ocrx_word' id='word_1_16' title='bbox 928 351 1016 379; x_wconf 86' lang='lat' dir='ltr'><em>una</em></span> <span class='ocrx_word' id='word_1_17' title='bbox 1046 350 1143 380; x_wconf 86' lang='lat' dir='ltr'><em>cum</em></span> <span class='ocrx_word' id='word_1_18' title='bbox 1174 332 1300 380; x_wconf 87' lang='lat' dir='ltr'><em>Notis</em></span> <span class='ocrx_word' id='word_1_19' title='bbox 1325 344 1433 398; x_wconf 82' lang='lat' dir='ltr'><em>quas</em></span> <span class='ocrx_word' id='word_1_20' title='bbox 1469 334 1537 380; x_wconf 89' lang='lat' dir='ltr'><em>ad</em></span> <span class='ocrx_word' id='word_1_21' title='bbox 1554 333 1634 380; x_wconf 85' lang='lat' dir='ltr'><em>duo</em></span> <span class='ocrx_word' id='word_1_22' title='bbox 1660 333 1817 400; x_wconf 87' lang='lat' dir='ltr'><em>priora</em></span> <span class='ocrx_word' id='word_1_23' title='bbox 1841 333 2063 399; x_wconf 78' lang='lat' dir='ltr'><em>volumina</em></span> 
     </span>
     <span class='ocr_line' id='line_1_4' title="bbox 234 410 2062 478; baseline -0.002 -17"><span class='ocrx_word' id='word_1_24' title='bbox 234 418 525 472; x_wconf 84' lang='lat' dir='ltr'><em>concinnarat,</em></span> <span class='ocrx_word' id='word_1_25' title='bbox 548 429 570 458; x_wconf 93' lang='lat' dir='ltr'><em>e</em></span> <span class='ocrx_word' id='word_1_26' title='bbox 589 410 701 459; x_wconf 83' lang='lat' dir='ltr'><em>vivis</em></span> <span class='ocrx_word' id='word_1_27' title='bbox 727 410 797 457; x_wconf 88' lang='lat' dir='ltr'><em>die</em></span> <span class='ocrx_word' id='word_1_28' title='bbox 816 428 875 462; x_wconf 73' lang='lat' dir='ltr'><em>vl.</em></span> <span class='ocrx_word' id='word_1_29' title='bbox 902 410 1071 477; x_wconf 76' lang='lat' dir='ltr'><em>Aprilis</em></span> <span class='ocrx_word' id='word_1_30' title='bbox 1095 410 1202 458; x_wconf 85' lang='lat' dir='ltr'><em>anni</em></span> <span class='ocrx_word' id='word_1_31' title='bbox 1220 411 1438 477; x_wconf 73' lang='lat' dir='ltr'><em>praeteriti</em></span> <span class='ocrx_word' id='word_1_32' title='bbox 1469 425 1637 478; x_wconf 82' lang='lat' dir='ltr'><em>ereptus</em></span> <span class='ocrx_word' id='word_1_33' title='bbox 1668 411 1738 466; x_wconf 74' lang='lat' dir='ltr'><em>est,</em></span> <span class='ocrx_word' id='word_1_34' title='bbox 1774 411 1936 459; x_wconf 63' lang='lat' dir='ltr'><em>relifflis</em></span> <span class='ocrx_word' id='word_1_35' title='bbox 1961 426 2062 458; x_wconf 80' lang='lat' dir='ltr'><em>tan-</em></span> 
     </span>
     <span class='ocr_line' id='line_1_5' title="bbox 231 486 2062 556; baseline 0 -20"><span class='ocrx_word' id='word_1_36' title='bbox 231 504 325 538; x_wconf 81' lang='lat' dir='ltr'><em>tum</em></span> <span class='ocrx_word' id='word_1_37' title='bbox 351 490 414 537; x_wconf 88' lang='lat' dir='ltr'><em>ad</em></span> <span class='ocrx_word' id='word_1_38' title='bbox 422 488 613 556; x_wconf 82' lang='lat' dir='ltr'><em>paginas</em></span> <span class='ocrx_word' id='word_1_39' title='bbox 625 486 865 537; x_wconf 88' lang='lat' dir='ltr'><em>Voluminis</em></span> <span class='ocrx_word' id='word_1_40' title='bbox 887 488 1008 535; x_wconf 84' lang='lat' dir='ltr'><em>tertii</em></span> <span class='ocrx_word' id='word_1_41' title='bbox 1027 488 1198 555; x_wconf 78' lang='lat' dir='ltr'><em>priores</em></span> <span class='ocrx_word' id='word_1_42' title='bbox 1230 490 1379 540; x_wconf 86' lang='lat' dir='ltr'>XVII.</span> <span class='ocrx_word' id='word_1_43' title='bbox 1409 488 1551 549; x_wconf 86' lang='lat' dir='ltr'><em>Notis,</em></span> <span class='ocrx_word' id='word_1_44' title='bbox 1590 488 1650 539; x_wconf 54' lang='grc' dir='ltr'><em>ἔθ’</em></span> <span class='ocrx_word' id='word_1_45' title='bbox 1680 488 1724 535; x_wconf 86' lang='lat' dir='ltr'><em>in</em></span> <span class='ocrx_word' id='word_1_46' title='bbox 1763 488 1937 555; x_wconf 84' lang='lat' dir='ltr'><em>reliqua</em></span> <span class='ocrx_word' id='word_1_47' title='bbox 1965 488 2062 536; x_wconf 88' lang='lat' dir='ltr'><em>bre-</em></span> 
     </span>
     <span class='ocr_line' id='line_1_6' title="bbox 231 565 1864 634; baseline -0.003 -17"><span class='ocrx_word' id='word_1_48' title='bbox 231 568 409 634; x_wconf 80' lang='lat' dir='ltr'><em>viffimis</em></span> <span class='ocrx_word' id='word_1_49' title='bbox 437 568 639 615; x_wconf 85' lang='lat' dir='ltr'><em>adoram</em></span> <span class='ocrx_word' id='word_1_50' title='bbox 668 565 991 634; x_wconf 80' lang='lat' dir='ltr'><em>Stephanianae,</em></span> <span class='ocrx_word' id='word_1_51' title='bbox 1030 585 1120 632; x_wconf 85' lang='lat' dir='ltr'><em>qua</em></span> <span class='ocrx_word' id='word_1_52' title='bbox 1156 565 1373 627; x_wconf 85' lang='lat' dir='ltr'><em>utebatur,</em></span> <span class='ocrx_word' id='word_1_53' title='bbox 1411 566 1642 627; x_wconf 83' lang='lat' dir='ltr'><em>Editionis,</em></span> <span class='ocrx_word' id='word_1_54' title='bbox 1680 565 1864 614; x_wconf 78' lang='lat' dir='ltr'><em>Notnlis.</em></span> 
     </span>
    </p>

    <p class='ocr_par' dir='ltr' id='par_1_3' title="bbox 295 643 2063 712">
     <span class='ocr_line' id='line_1_7' title="bbox 295 643 2063 712; baseline -0.001 -19"><span class='ocrx_word' id='word_1_55' title='bbox 295 645 554 711; x_wconf 84' lang='lat' dir='ltr'><em>Conquirere</em></span> <span class='ocrx_word' id='word_1_56' title='bbox 574 645 724 711; x_wconf 84' lang='lat' dir='ltr'><em>itaque</em></span> <span class='ocrx_word' id='word_1_57' title='bbox 744 657 957 710; x_wconf 84' lang='lat' dir='ltr'><em>coeperunt</em></span> <span class='ocrx_word' id='word_1_58' title='bbox 982 644 1276 711; x_wconf 69' lang='lat' dir='ltr'><em>Typographi,</em></span> <span class='ocrx_word' id='word_1_59' title='bbox 1312 645 1436 708; x_wconf 86' lang='lat' dir='ltr'><em>hujus</em></span> <span class='ocrx_word' id='word_1_60' title='bbox 1461 644 1613 712; x_wconf 81' lang='lat' dir='ltr'><em>Operis</em></span> <span class='ocrx_word' id='word_1_61' title='bbox 1632 643 1937 711; x_wconf 80' lang='lat' dir='ltr'><em>redemptores,</em></span> <span class='ocrx_word' id='word_1_62' title='bbox 1961 662 2063 709; x_wconf 84' lang='lat' dir='ltr'><em>quos</em></span> 
     </span>
    </p>

    <p class='ocr_par' dir='ltr' id='par_1_4' title="bbox 208 721 2063 2735">
     <span class='ocr_line' id='line_1_8' title="bbox 228 721 2061 790; baseline 0 -20"><span class='ocrx_word' id='word_1_63' title='bbox 228 722 337 784; x_wconf 90' lang='lat' dir='ltr'><em>dixi,</em></span> <span class='ocrx_word' id='word_1_64' title='bbox 355 722 656 783; x_wconf 68' lang='lat' dir='ltr'><em>Londinenfts,</em></span> <span class='ocrx_word' id='word_1_65' title='bbox 680 723 757 789; x_wconf 84' lang='lat' dir='ltr'><em>qui</em></span> <span class='ocrx_word' id='word_1_66' title='bbox 782 724 922 771; x_wconf 79' lang='lat' dir='ltr'><em>eodem</em></span> <span class='ocrx_word' id='word_1_67' title='bbox 943 722 1107 787; x_wconf 73' lang='lat' dir='ltr'><em>corfilio</em></span> <span class='ocrx_word' id='word_1_68' title='bbox 1134 721 1252 788; x_wconf 86' lang='lat' dir='ltr'><em>quod</em></span> <span class='ocrx_word' id='word_1_69' title='bbox 1265 723 1417 771; x_wconf 84' lang='lat' dir='ltr'><em>deerat</em></span> <span class='ocrx_word' id='word_1_70' title='bbox 1435 722 1702 790; x_wconf 80' lang='lat' dir='ltr'><em>perficeret3</em></span> <span class='ocrx_word' id='word_1_71' title='bbox 1733 736 1779 770; x_wconf 83' lang='lat' dir='ltr'><em>ut</em></span> <span class='ocrx_word' id='word_1_72' title='bbox 1807 741 1944 789; x_wconf 83' lang='lat' dir='ltr'><em>quam</em></span> <span class='ocrx_word' id='word_1_73' title='bbox 1978 723 2061 770; x_wconf 85' lang='lat' dir='ltr'><em>mi-</em></span> 
     </span>
     <span class='ocr_line' id='line_1_9' title="bbox 227 798 2063 864; baseline -0.002 -17"><span class='ocrx_word' id='word_1_74' title='bbox 227 799 351 847; x_wconf 70' lang='lat' dir='ltr'><em>nima</em></span> <span class='ocrx_word' id='word_1_75' title='bbox 365 798 544 847; x_wconf 88' lang='lat' dir='ltr'><em>Eruditi</em></span> <span class='ocrx_word' id='word_1_76' title='bbox 571 799 694 847; x_wconf 82' lang='lat' dir='ltr'><em>Orbis</em></span> <span class='ocrx_word' id='word_1_77' title='bbox 706 798 911 864; x_wconf 54' lang='lat' dir='ltr'><em>jabliaci,</em></span> <span class='ocrx_word' id='word_1_78' title='bbox 936 798 1003 846; x_wconf 86' lang='lat' dir='ltr'><em>edi</em></span> <span class='ocrx_word' id='word_1_79' title='bbox 1018 798 1194 847; x_wconf 83' lang='lat' dir='ltr'><em>tandem</em></span> <span class='ocrx_word' id='word_1_80' title='bbox 1219 798 1452 864; x_wconf 85' lang='lat' dir='ltr'><em>aliquando</em></span> <span class='ocrx_word' id='word_1_81' title='bbox 1482 799 1556 846; x_wconf 85' lang='lat' dir='ltr'><em>diu</em></span> <span class='ocrx_word' id='word_1_82' title='bbox 1586 798 1853 846; x_wconf 85' lang='lat' dir='ltr'><em>elaboratum</em></span> <span class='ocrx_word' id='word_1_83' title='bbox 1886 805 1944 853; x_wconf 67' lang='lat'><em>&amp;³</em></span> <span class='ocrx_word' id='word_1_84' title='bbox 1960 811 2063 845; x_wconf 87' lang='lat' dir='ltr'><em>ante</em></span> 
     </span>
     <span class='ocr_line' id='line_1_10' title="bbox 229 875 2062 946; baseline -0.001 -21"><span class='ocrx_word' id='word_1_85' title='bbox 229 877 569 944; x_wconf 77' lang='lat' dir='ltr'><em>quinquennium</em></span> <span class='ocrx_word' id='word_1_86' title='bbox 595 879 841 927; x_wconf 83' lang='lat' dir='ltr'><em>inchoatum</em></span> <span class='ocrx_word' id='word_1_87' title='bbox 868 894 966 946; x_wconf 85' lang='lat' dir='ltr'><em>opus</em></span> <span class='ocrx_word' id='word_1_88' title='bbox 983 878 1136 946; x_wconf 75' lang='lat' dir='ltr'><em>poffet.</em></span> <span class='ocrx_word' id='word_1_89' title='bbox 1177 878 1259 926; x_wconf 87' lang='lat' dir='ltr'><em>Ad</em></span> <span class='ocrx_word' id='word_1_90' title='bbox 1271 895 1356 938; x_wconf 90' lang='lat' dir='ltr'><em>me,</em></span> <span class='ocrx_word' id='word_1_91' title='bbox 1392 878 1488 925; x_wconf 84' lang='lat' dir='ltr'><em>ruri</em></span> <span class='ocrx_word' id='word_1_92' title='bbox 1517 877 1560 925; x_wconf 93' lang='lat' dir='ltr'><em>in</em></span> <span class='ocrx_word' id='word_1_93' title='bbox 1591 877 1669 925; x_wconf 86' lang='lat' dir='ltr'><em>otio</em></span> <span class='ocrx_word' id='word_1_94' title='bbox 1695 876 1889 924; x_wconf 86' lang='lat' dir='ltr'><em>literario</em></span> <span class='ocrx_word' id='word_1_95' title='bbox 1907 875 2062 942; x_wconf 81' lang='lat' dir='ltr'><em>degen-</em></span> 
     </span>
     <span class='ocr_line' id='line_1_11' title="bbox 227 952 2063 1024; baseline -0.003 -19"><span class='ocrx_word' id='word_1_96' title='bbox 227 972 330 1016; x_wconf 85' lang='lat' dir='ltr'><em>tem,</em></span> <span class='ocrx_word' id='word_1_97' title='bbox 368 970 540 1005; x_wconf 87' lang='lat' dir='ltr'><em>ventum</em></span> <span class='ocrx_word' id='word_1_98' title='bbox 561 956 616 1020; x_wconf 88' lang='lat' dir='ltr'><em>est</em></span> <span class='ocrx_word' id='word_1_99' title='bbox 628 983 642 1018; x_wconf 81' lang='lat'><em>3</em></span> <span class='ocrx_word' id='word_1_100' title='bbox 679 957 777 1005; x_wconf 83' lang='lat' dir='ltr'><em>aliis</em></span> <span class='ocrx_word' id='word_1_101' title='bbox 807 956 982 1024; x_wconf 86' lang='lat' dir='ltr'><em>quidem</em></span> <span class='ocrx_word' id='word_1_102' title='bbox 997 955 1168 1017; x_wconf 87' lang='lat' dir='ltr'><em>studiis,</em></span> <span class='ocrx_word' id='word_1_103' title='bbox 1206 955 1413 1021; x_wconf 80' lang='lat' dir='ltr'><em>longeque</em></span> <span class='ocrx_word' id='word_1_104' title='bbox 1445 954 1608 1014; x_wconf 78' lang='lat' dir='ltr'><em>diverfh</em></span> <span class='ocrx_word' id='word_1_105' title='bbox 1649 952 1783 1021; x_wconf 83' lang='lat' dir='ltr'><em>Operi</em></span> <span class='ocrx_word' id='word_1_106' title='bbox 1818 953 2063 1016; x_wconf 62' lang='lat' dir='ltr'><em>intentum,</em></span> 
     </span>
     <span class='ocr_line' id='line_1_12' title="bbox 217 1033 2062 1102; baseline -0.001 -21"><span class='ocrx_word' id='word_1_107' title='bbox 217 1033 306 1092; x_wconf 91' lang='lat' dir='ltr'><em>sed</em></span> <span class='ocrx_word' id='word_1_108' title='bbox 318 1034 417 1082; x_wconf 87' lang='lat' dir='ltr'><em>huic</em></span> <span class='ocrx_word' id='word_1_109' title='bbox 431 1036 677 1098; x_wconf 85' lang='lat' dir='ltr'><em>faventem,</em></span> <span class='ocrx_word' id='word_1_110' title='bbox 713 1053 766 1083; x_wconf 86' lang='lat' dir='ltr'><em>ex</em></span> <span class='ocrx_word' id='word_1_111' title='bbox 795 1053 877 1101; x_wconf 86' lang='lat' dir='ltr'><em>quo</em></span> <span class='ocrx_word' id='word_1_112' title='bbox 904 1048 964 1083; x_wconf 87' lang='lat' dir='ltr'><em>tot</em></span> <span class='ocrx_word' id='word_1_113' title='bbox 993 1034 1254 1102; x_wconf 83' lang='lat' dir='ltr'><em>Reipublicae</em></span> <span class='ocrx_word' id='word_1_114' title='bbox 1276 1034 1527 1095; x_wconf 81' lang='lat' dir='ltr'><em>Literariae,</em></span> <span class='ocrx_word' id='word_1_115' title='bbox 1555 1033 1830 1099; x_wconf 85' lang='lat' dir='ltr'><em>omniumque</em></span> <span class='ocrx_word' id='word_1_116' title='bbox 1861 1033 1967 1081; x_wconf 88' lang='lat' dir='ltr'><em>adeo</em></span> <span class='ocrx_word' id='word_1_117' title='bbox 1993 1052 2062 1080; x_wconf 88' lang='lat' dir='ltr'><em>or·-</em></span> 
     </span>
     <span class='ocr_line' id='line_1_13' title="bbox 227 1111 2063 1174; baseline 0.001 -17"><span class='ocrx_word' id='word_1_118' title='bbox 227 1111 379 1158; x_wconf 82' lang='lat' dir='ltr'><em>dinum</em></span> <span class='ocrx_word' id='word_1_119' title='bbox 406 1112 656 1172; x_wconf 86' lang='lat' dir='ltr'><em>hominibus,</em></span> <span class='ocrx_word' id='word_1_120' title='bbox 693 1112 891 1160; x_wconf 86' lang='lat' dir='ltr'><em>reditura</em></span> <span class='ocrx_word' id='word_1_121' title='bbox 920 1112 1124 1161; x_wconf 80' lang='lat' dir='ltr'><em>videbam</em></span> <span class='ocrx_word' id='word_1_122' title='bbox 1149 1112 1396 1174; x_wconf 82' lang='lat' dir='ltr'><em>commoda3</em></span> <span class='ocrx_word' id='word_1_123' title='bbox 1433 1130 1530 1161; x_wconf 85' lang='lat' dir='ltr'><em>cum</em></span> <span class='ocrx_word' id='word_1_124' title='bbox 1554 1130 1682 1160; x_wconf 88' lang='lat' dir='ltr'><em>novas</em></span> <span class='ocrx_word' id='word_1_125' title='bbox 1706 1111 1942 1159; x_wconf 85' lang='lat' dir='ltr'><em>identidem</em></span> <span class='ocrx_word' id='word_1_126' title='bbox 1970 1112 2063 1159; x_wconf 85' lang='lat' dir='ltr'><em>exi-</em></span> 
     </span>
     <span class='ocr_line' id='line_1_14' title="bbox 227 1190 2063 1258; baseline 0.002 -21"><span class='ocrx_word' id='word_1_127' title='bbox 227 1190 308 1237; x_wconf 88' lang='lat' dir='ltr'><em>mii</em></span> <span class='ocrx_word' id='word_1_128' title='bbox 332 1190 503 1252; x_wconf 69' lang='lat' dir='ltr'><em>hujusce</em></span> <span class='ocrx_word' id='word_1_129' title='bbox 525 1190 759 1238; x_wconf 81' lang='lat' dir='ltr'><em>Plutarchi</em></span> <span class='ocrx_word' id='word_1_130' title='bbox 783 1191 934 1257; x_wconf 84' lang='lat' dir='ltr'><em>Operis</em></span> <span class='ocrx_word' id='word_1_131' title='bbox 953 1192 999 1239; x_wconf 86' lang='lat' dir='ltr'><em>in</em></span> <span class='ocrx_word' id='word_1_132' title='bbox 1018 1193 1269 1241; x_wconf 87' lang='lat' dir='ltr'><em>vernaculas</em></span> <span class='ocrx_word' id='word_1_133' title='bbox 1296 1193 1465 1258; x_wconf 83' lang='lat' dir='ltr'><em>linguas</em></span> <span class='ocrx_word' id='word_1_134' title='bbox 1487 1193 1785 1241; x_wconf 87' lang='lat' dir='ltr'><em>concinnatum</em></span> <span class='ocrx_word' id='word_1_135' title='bbox 1802 1191 1859 1239; x_wconf 92' lang='lat' dir='ltr'><em>iri</em></span> <span class='ocrx_word' id='word_1_136' title='bbox 1889 1191 1940 1241; x_wconf 90' lang='lat' dir='ltr'><em>V</em></span> <span class='ocrx_word' id='word_1_137' title='bbox 1934 1192 2063 1256; x_wconf 80' lang='lat' dir='ltr'><em>ersio-</em></span> 
     </span>
     <span class='ocr_line' id='line_1_15' title="bbox 223 1265 2062 1335; baseline 0.002 -20"><span class='ocrx_word' id='word_1_138' title='bbox 223 1284 311 1326; x_wconf 88' lang='lat' dir='ltr'><em>nes,</em></span> <span class='ocrx_word' id='word_1_139' title='bbox 346 1267 480 1314; x_wconf 85' lang='lat' dir='ltr'><em>trium</em></span> <span class='ocrx_word' id='word_1_140' title='bbox 491 1269 595 1330; x_wconf 85' lang='lat' dir='ltr'><em>jam</em></span> <span class='ocrx_word' id='word_1_141' title='bbox 613 1265 852 1331; x_wconf 78' lang='lat' dir='ltr'><em>seculorum</em></span> <span class='ocrx_word' id='word_1_142' title='bbox 885 1269 1154 1333; x_wconf 81' lang='lat' dir='ltr'><em>experientia</em></span> <span class='ocrx_word' id='word_1_143' title='bbox 1168 1269 1426 1334; x_wconf 67' lang='lat' dir='ltr'><em>sponderet,</em></span> <span class='ocrx_word' id='word_1_144' title='bbox 1466 1288 1518 1317; x_wconf 86' lang='lat' dir='ltr'><em>ex</em></span> <span class='ocrx_word' id='word_1_145' title='bbox 1543 1270 1747 1335; x_wconf 85' lang='lat' dir='ltr'><em>novisque</em></span> <span class='ocrx_word' id='word_1_146' title='bbox 1774 1270 2062 1318; x_wconf 85' lang='lat' dir='ltr'><em>Emendatio-</em></span> 
     </span>
     <span class='ocr_line' id='line_1_16' title="bbox 225 1341 2063 1411; baseline 0.003 -21"><span class='ocrx_word' id='word_1_147' title='bbox 225 1343 346 1391; x_wconf 86' lang='lat' dir='ltr'><em>nibus</em></span> <span class='ocrx_word' id='word_1_148' title='bbox 371 1344 414 1391; x_wconf 90' lang='lat' dir='ltr'><em>in</em></span> <span class='ocrx_word' id='word_1_149' title='bbox 445 1345 528 1392; x_wconf 88' lang='lat' dir='ltr'><em>hac</em></span> <span class='ocrx_word' id='word_1_150' title='bbox 556 1343 759 1393; x_wconf 87' lang='lat' dir='ltr'><em>Editione</em></span> <span class='ocrx_word' id='word_1_151' title='bbox 782 1341 999 1402; x_wconf 88' lang='lat' dir='ltr'><em>indicatis,</em></span> <span class='ocrx_word' id='word_1_152' title='bbox 1036 1342 1157 1408; x_wconf 83' lang='lat' dir='ltr'><em>longe</em></span> <span class='ocrx_word' id='word_1_153' title='bbox 1170 1343 1442 1410; x_wconf 87' lang='lat' dir='ltr'><em>praestituras</em></span> <span class='ocrx_word' id='word_1_154' title='bbox 1450 1346 1701 1411; x_wconf 84' lang='lat' dir='ltr'><em>posteriores</em></span> <span class='ocrx_word' id='word_1_155' title='bbox 1725 1346 1959 1411; x_wconf 81' lang='lat' dir='ltr'><em>prioribus,</em></span> <span class='ocrx_word' id='word_1_156' title='bbox 1980 1366 2063 1395; x_wconf 88' lang='lat' dir='ltr'><em>au-</em></span> 
     </span>
     <span class='ocr_line' id='line_1_17' title="bbox 219 1418 2063 1487; baseline 0.002 -21"><span class='ocrx_word' id='word_1_157' title='bbox 219 1420 377 1484; x_wconf 83' lang='lat' dir='ltr'><em>gurari</em></span> <span class='ocrx_word' id='word_1_158' title='bbox 411 1432 499 1468; x_wconf 89' lang='lat' dir='ltr'><em>tuto</em></span> <span class='ocrx_word' id='word_1_159' title='bbox 520 1420 680 1470; x_wconf 84' lang='lat' dir='ltr'><em>liceret.</em></span> <span class='ocrx_word' id='word_1_160' title='bbox 720 1418 882 1487; x_wconf 87' lang='lat' dir='ltr'><em>Accepi</em></span> <span class='ocrx_word' id='word_1_161' title='bbox 908 1418 1060 1484; x_wconf 87' lang='lat' dir='ltr'><em>itaque</em></span> <span class='ocrx_word' id='word_1_162' title='bbox 1079 1419 1368 1487; x_wconf 88' lang='lat' dir='ltr'><em>provinciam,</em></span> <span class='ocrx_word' id='word_1_163' title='bbox 1404 1438 1432 1467; x_wconf 87' lang='lat' dir='ltr'><em>a</em></span> <span class='ocrx_word' id='word_1_164' title='bbox 1460 1420 1570 1468; x_wconf 90' lang='lat' dir='ltr'><em>Viro</em></span> <span class='ocrx_word' id='word_1_165' title='bbox 1585 1420 1720 1485; x_wconf 84' lang='lat' dir='ltr'><em>gravi</em></span> <span class='ocrx_word' id='word_1_166' title='bbox 1755 1420 1815 1472; x_wconf 54' lang='grc' dir='ltr'><em>ξδ’</em></span> <span class='ocrx_word' id='word_1_167' title='bbox 1854 1422 1972 1470; x_wconf 63' lang='lat' dir='ltr'><em>docto</em></span> <span class='ocrx_word' id='word_1_168' title='bbox 2013 1426 2063 1471; x_wconf 79' lang='lat' dir='ltr'><em>in</em></span> 
     </span>
     <span class='ocr_line' id='line_1_18' title="bbox 216 1495 2061 1565; baseline 0.002 -21"><span class='ocrx_word' id='word_1_169' title='bbox 216 1497 380 1565; x_wconf 87' lang='lat' dir='ltr'><em>primis</em></span> <span class='ocrx_word' id='word_1_170' title='bbox 405 1497 608 1559; x_wconf 86' lang='lat' dir='ltr'><em>oblatam,</em></span> <span class='ocrx_word' id='word_1_171' title='bbox 646 1496 712 1544; x_wconf 89' lang='lat' dir='ltr'><em>cui</em></span> <span class='ocrx_word' id='word_1_172' title='bbox 752 1515 768 1544; x_wconf 89' lang='lat' dir='ltr'><em>t</em></span> <span class='ocrx_word' id='word_1_173' title='bbox 788 1495 872 1564; x_wconf 83' lang='lat' dir='ltr'><em>ipst</em></span> <span class='ocrx_word' id='word_1_174' title='bbox 895 1513 989 1544; x_wconf 88' lang='lat' dir='ltr'><em>rem</em></span> <span class='ocrx_word' id='word_1_175' title='bbox 1021 1496 1066 1544; x_wconf 90' lang='lat' dir='ltr'><em>in</em></span> <span class='ocrx_word' id='word_1_176' title='bbox 1077 1499 1131 1556; x_wconf 77' lang='lat' dir='ltr'><em>fle</em></span> <span class='ocrx_word' id='word_1_177' title='bbox 1139 1499 1355 1565; x_wconf 86' lang='lat' dir='ltr'><em>suscipere</em></span> <span class='ocrx_word' id='word_1_178' title='bbox 1368 1511 1454 1565; x_wconf 87' lang='lat' dir='ltr'><em>per</em></span> <span class='ocrx_word' id='word_1_179' title='bbox 1484 1498 1699 1564; x_wconf 85' lang='lat' dir='ltr'><em>graviora</em></span> <span class='ocrx_word' id='word_1_180' title='bbox 1726 1500 1894 1564; x_wconf 85' lang='lat' dir='ltr'><em>negotia</em></span> <span class='ocrx_word' id='word_1_181' title='bbox 1920 1500 2061 1560; x_wconf 86' lang='lat' dir='ltr'><em>licuis-</em></span> 
     </span>
     <span class='ocr_line' id='line_1_19' title="bbox 213 1574 2062 1644; baseline 0.001 -21"><span class='ocrx_word' id='word_1_182' title='bbox 213 1586 300 1641; x_wconf 83' lang='lat' dir='ltr'><em>set,</em></span> <span class='ocrx_word' id='word_1_183' title='bbox 322 1594 402 1624; x_wconf 88' lang='lat' dir='ltr'><em>non</em></span> <span class='ocrx_word' id='word_1_184' title='bbox 412 1576 607 1642; x_wconf 77' lang='lat' dir='ltr'><em>senfiſjet</em></span> <span class='ocrx_word' id='word_1_185' title='bbox 617 1576 746 1644; x_wconf 87' lang='lat' dir='ltr'><em>Resp.</em></span> <span class='ocrx_word' id='word_1_186' title='bbox 762 1575 992 1624; x_wconf 87' lang='lat' dir='ltr'><em>Literaria</em></span> <span class='ocrx_word' id='word_1_187' title='bbox 1008 1574 1260 1624; x_wconf 86' lang='lat' dir='ltr'><em>detrimenti</em></span> <span class='ocrx_word' id='word_1_188' title='bbox 1286 1576 1526 1642; x_wconf 82' lang='lat' dir='ltr'><em>quicquam</em></span> <span class='ocrx_word' id='word_1_189' title='bbox 1547 1576 1737 1625; x_wconf 86' lang='lat' dir='ltr'><em>Editoris</em></span> <span class='ocrx_word' id='word_1_190' title='bbox 1762 1591 1898 1625; x_wconf 89' lang='lat' dir='ltr'><em>morte</em></span> <span class='ocrx_word' id='word_1_191' title='bbox 1930 1579 1996 1626; x_wconf 88' lang='lat' dir='ltr'><em>ad</em></span> <span class='ocrx_word' id='word_1_192' title='bbox 2006 1583 2062 1637; x_wconf 81' lang='lat' dir='ltr'><em>fi·</em></span> 
     </span>
     <span class='ocr_line' id='line_1_20' title="bbox 227 1654 2060 1725; baseline 0.002 -22"><span class='ocrx_word' id='word_1_193' title='bbox 227 1656 308 1703; x_wconf 83' lang='lat' dir='ltr'><em>hac</em></span> <span class='ocrx_word' id='word_1_194' title='bbox 330 1656 376 1704; x_wconf 83' lang='lat' dir='ltr'><em>in</em></span> <span class='ocrx_word' id='word_1_195' title='bbox 397 1656 596 1705; x_wconf 83' lang='lat' dir='ltr'><em>Editione</em></span> <span class='ocrx_word' id='word_1_196' title='bbox 606 1656 865 1725; x_wconf 65' lang='lat' dir='ltr'><em>perveniſj&#39;e.</em></span> <span class='ocrx_word' id='word_1_197' title='bbox 905 1655 998 1721; x_wconf 86' lang='lat' dir='ltr'><em>Ego</em></span> <span class='ocrx_word' id='word_1_198' title='bbox 1024 1654 1142 1717; x_wconf 81' lang='lat' dir='ltr'><em>vero,</em></span> <span class='ocrx_word' id='word_1_199' title='bbox 1173 1675 1221 1704; x_wconf 90' lang='lat' dir='ltr'><em>re</em></span> <span class='ocrx_word' id='word_1_200' title='bbox 1243 1656 1474 1717; x_wconf 60' lang='lat' dir='ltr'><em>intellecto,</em></span> <span class='ocrx_word' id='word_1_201' title='bbox 1504 1656 1690 1724; x_wconf 80' lang='lat' dir='ltr'><em>publicis</em></span> <span class='ocrx_word' id='word_1_202' title='bbox 1717 1657 1944 1705; x_wconf 86' lang='lat' dir='ltr'><em>commodis</em></span> <span class='ocrx_word' id='word_1_203' title='bbox 1976 1659 2060 1706; x_wconf 80' lang='lat' dir='ltr'><em>loac</em></span> 
     </span>
     <span class='ocr_line' id='line_1_21' title="bbox 225 1734 2058 1804; baseline 0.003 -23"><span class='ocrx_word' id='word_1_204' title='bbox 225 1735 279 1782; x_wconf 83' lang='lat' dir='ltr'><em>in.</em></span> <span class='ocrx_word' id='word_1_205' title='bbox 302 1749 439 1802; x_wconf 89' lang='lat' dir='ltr'><em>parte</em></span> <span class='ocrx_word' id='word_1_206' title='bbox 472 1754 551 1784; x_wconf 84' lang='lat' dir='ltr'><em>non</em></span> <span class='ocrx_word' id='word_1_207' title='bbox 580 1736 730 1801; x_wconf 76' lang='lat' dir='ltr'><em>decffe,</em></span> <span class='ocrx_word' id='word_1_208' title='bbox 766 1734 898 1799; x_wconf 85' lang='lat' dir='ltr'><em>officii</em></span> <span class='ocrx_word' id='word_1_209' title='bbox 928 1735 1014 1783; x_wconf 88' lang='lat' dir='ltr'><em>mei</em></span> <span class='ocrx_word' id='word_1_210' title='bbox 1041 1735 1123 1800; x_wconf 77' lang='lat' dir='ltr'><em>effe</em></span> <span class='ocrx_word' id='word_1_211' title='bbox 1146 1735 1279 1798; x_wconf 86' lang='lat' dir='ltr'><em>duxi,-</em></span> <span class='ocrx_word' id='word_1_212' title='bbox 1317 1736 1537 1804; x_wconf 67' lang='lat' dir='ltr'><em>mistisque</em></span> <span class='ocrx_word' id='word_1_213' title='bbox 1568 1736 1634 1785; x_wconf 85' lang='lat' dir='ltr'><em>ad</em></span> <span class='ocrx_word' id='word_1_214' title='bbox 1651 1750 1818 1804; x_wconf 83' lang='lat' dir='ltr'><em>tempus</em></span> <span class='ocrx_word' id='word_1_215' title='bbox 1850 1736 1945 1784; x_wconf 87' lang='lat' dir='ltr'><em>aliis</em></span> <span class='ocrx_word' id='word_1_216' title='bbox 1966 1756 2058 1786; x_wconf 84' lang='lat' dir='ltr'><em>om-</em></span> 
     </span>
     <span class='ocr_line' id='line_1_22' title="bbox 225 1812 936 1874; baseline 0.003 -14"><span class='ocrx_word' id='word_1_217' title='bbox 225 1812 359 1874; x_wconf 86' lang='lat' dir='ltr'><em>nibus,</em></span> <span class='ocrx_word' id='word_1_218' title='bbox 397 1827 530 1862; x_wconf 88' lang='lat' dir='ltr'><em>totum</em></span> <span class='ocrx_word' id='word_1_219' title='bbox 554 1832 623 1862; x_wconf 85' lang='lat' dir='ltr'><em>me</em></span> <span class='ocrx_word' id='word_1_220' title='bbox 644 1816 727 1863; x_wconf 87' lang='lat' dir='ltr'><em>huc</em></span> <span class='ocrx_word' id='word_1_221' title='bbox 757 1813 936 1862; x_wconf 81' lang='lat' dir='ltr'><em>accinxi.</em></span> 
     </span>
     <span class='ocr_line' id='line_1_23' title="bbox 223 1889 2058 1957; baseline 0.001 -18"><span class='ocrx_word' id='word_1_222' title='bbox 223 1909 231 1939; x_wconf 83' lang='grc'><em>.·</em></span> <span class='ocrx_word' id='word_1_223' title='bbox 291 1890 504 1938; x_wconf 64' lang='grc' dir='ltr'><em>Ρενίθῖιῑὶς</em></span> <span class='ocrx_word' id='word_1_224' title='bbox 515 1891 665 1950; x_wconf 75' lang='lat' dir='ltr'><em>fiedulo</em></span> <span class='ocrx_word' id='word_1_225' title='bbox 690 1890 840 1945; x_wconf 87' lang='lat' dir='ltr'><em>trium,</em></span> <span class='ocrx_word' id='word_1_226' title='bbox 880 1909 975 1955; x_wconf 86' lang='lat' dir='ltr'><em>quae</em></span> <span class='ocrx_word' id='word_1_227' title='bbox 997 1890 1232 1954; x_wconf 85' lang='lat' dir='ltr'><em>restabant,</em></span> <span class='ocrx_word' id='word_1_228' title='bbox 1253 1890 1304 1939; x_wconf 90' lang='lat' dir='ltr'><em>V</em></span> <span class='ocrx_word' id='word_1_229' title='bbox 1296 1890 1532 1938; x_wconf 82' lang='lat' dir='ltr'><em>oluminum</em></span> <span class='ocrx_word' id='word_1_230' title='bbox 1560 1889 1698 1949; x_wconf 82' lang='lat' dir='ltr'><em>Viti53</em></span> <span class='ocrx_word' id='word_1_231' title='bbox 1723 1889 2058 1957; x_wconf 64' lang='lat' dir='ltr'><em>animadversa·</em></span> 
     </span>
     <span class='ocr_line' id='line_1_24' title="bbox 225 1966 2057 2036; baseline 0.001 -20"><span class='ocrx_word' id='word_1_232' title='bbox 225 1985 310 2034; x_wconf 84' lang='lat' dir='ltr'><em>que</em></span> <span class='ocrx_word' id='word_1_233' title='bbox 337 1969 384 2016; x_wconf 87' lang='lat' dir='ltr'><em>in</em></span> <span class='ocrx_word' id='word_1_234' title='bbox 397 1967 616 2036; x_wconf 86' lang='lat' dir='ltr'><em>prioribus</em></span> <span class='ocrx_word' id='word_1_235' title='bbox 644 1967 833 2015; x_wconf 87' lang='lat' dir='ltr'><em>Editoris</em></span> <span class='ocrx_word' id='word_1_236' title='bbox 853 1968 1051 2028; x_wconf 67' lang='lat' dir='ltr'><em>ratione,</em></span> <span class='ocrx_word' id='word_1_237' title='bbox 1079 1967 1358 2033; x_wconf 79' lang='lat' dir='ltr'><em>methodoque</em></span> <span class='ocrx_word' id='word_1_238' title='bbox 1390 1970 1476 2030; x_wconf 88' lang='lat' dir='ltr'><em>ejus</em></span> <span class='ocrx_word' id='word_1_239' title='bbox 1495 1967 1579 2014; x_wconf 90' lang='lat' dir='ltr'><em>rite</em></span> <span class='ocrx_word' id='word_1_240' title='bbox 1603 1966 1826 2034; x_wconf 66' lang='lat' dir='ltr'><em>inspec5Ja5</em></span> <span class='ocrx_word' id='word_1_241' title='bbox 1862 1981 1955 2015; x_wconf 87' lang='lat' dir='ltr'><em>tum</em></span> <span class='ocrx_word' id='word_1_242' title='bbox 1981 1969 2057 2017; x_wconf 90' lang='lat' dir='ltr'><em>de-</em></span> 
     </span>
     <span class='ocr_line' id='line_1_25' title="bbox 223 2043 2055 2108; baseline -0.001 -14"><span class='ocrx_word' id='word_1_243' title='bbox 223 2065 341 2094; x_wconf 81' lang='lat' dir='ltr'><em>mum</em></span> <span class='ocrx_word' id='word_1_244' title='bbox 372 2047 523 2094; x_wconf 85' lang='lat' dir='ltr'><em>horum</em></span> <span class='ocrx_word' id='word_1_245' title='bbox 544 2046 677 2093; x_wconf 86' lang='lat' dir='ltr'><em>etiam</em></span> <span class='ocrx_word' id='word_1_246' title='bbox 701 2043 755 2094; x_wconf 89' lang='lat' dir='ltr'><em>V</em></span> <span class='ocrx_word' id='word_1_247' title='bbox 746 2046 981 2095; x_wconf 83' lang='lat' dir='ltr'><em>oluminum</em></span> <span class='ocrx_word' id='word_1_248' title='bbox 1006 2045 1146 2094; x_wconf 85' lang='lat' dir='ltr'><em>Notas</em></span> <span class='ocrx_word' id='word_1_249' title='bbox 1170 2045 1230 2097; x_wconf 63' lang='lat'><em>&amp;03⁵</em></span> <span class='ocrx_word' id='word_1_250' title='bbox 1250 2045 1603 2105; x_wconf 84' lang='lat' dir='ltr'><em>Emendationes,</em></span> <span class='ocrx_word' id='word_1_251' title='bbox 1633 2058 1708 2092; x_wconf 84' lang='lat' dir='ltr'><em>aut</em></span> <span class='ocrx_word' id='word_1_252' title='bbox 1728 2048 1834 2108; x_wconf 79' lang='lat' dir='ltr'><em>jam</em></span> <span class='ocrx_word' id='word_1_253' title='bbox 1852 2046 1993 2094; x_wconf 75' lang='lat' dir='ltr'><em>editas</em></span> <span class='ocrx_word' id='word_1_254' title='bbox 2025 2066 2055 2096; x_wconf 80' lang='lat' dir='ltr'><em>a</em></span> 
     </span>
     <span class='ocr_line' id='line_1_26' title="bbox 223 2123 2054 2192; baseline 0.001 -20"><span class='ocrx_word' id='word_1_255' title='bbox 223 2123 343 2172; x_wconf 86' lang='lat' dir='ltr'><em>Viris</em></span> <span class='ocrx_word' id='word_1_256' title='bbox 373 2143 472 2190; x_wconf 88' lang='lat' dir='ltr'><em>quos</em></span> <span class='ocrx_word' id='word_1_257' title='bbox 494 2123 587 2172; x_wconf 82' lang='lat' dir='ltr'><em>dixi</em></span> <span class='ocrx_word' id='word_1_258' title='bbox 610 2123 756 2184; x_wconf 54' lang='lat' dir='ltr'><em>doctis,</em></span> <span class='ocrx_word' id='word_1_259' title='bbox 787 2124 967 2190; x_wconf 84' lang='lat' dir='ltr'><em>eligere,-</em></span> <span class='ocrx_word' id='word_1_260' title='bbox 1005 2138 1080 2171; x_wconf 85' lang='lat' dir='ltr'><em>aut</em></span> <span class='ocrx_word' id='word_1_261' title='bbox 1102 2138 1178 2192; x_wconf 87' lang='lat' dir='ltr'><em>ope</em></span> <span class='ocrx_word' id='word_1_262' title='bbox 1205 2124 1471 2172; x_wconf 82' lang='lat' dir='ltr'><em>Notularum</em></span> <span class='ocrx_word' id='word_1_263' title='bbox 1499 2124 1559 2171; x_wconf 83' lang='lat' dir='ltr'><em>Cl.</em></span> <span class='ocrx_word' id='word_1_264' title='bbox 1586 2123 1779 2172; x_wconf 82' lang='lat' dir='ltr'><em>Editoris</em></span> <span class='ocrx_word' id='word_1_265' title='bbox 1805 2138 2024 2174; x_wconf 66' lang='lat' dir='ltr'><em>contexere</em></span> <span class='ocrx_word' id='word_1_266' title='bbox 2038 2147 2054 2182; x_wconf 90' lang='lat'><em>,·</em></span> 
     </span>
     <span class='ocr_line' id='line_1_27' title="bbox 224 2202 2052 2271; baseline 0.002 -22"><span class='ocrx_word' id='word_1_267' title='bbox 224 2217 300 2250; x_wconf 88' lang='lat' dir='ltr'><em>aut</em></span> <span class='ocrx_word' id='word_1_268' title='bbox 322 2203 508 2270; x_wconf 85' lang='lat' dir='ltr'><em>denique</em></span> <span class='ocrx_word' id='word_1_269' title='bbox 530 2222 581 2252; x_wconf 84' lang='lat' dir='ltr'><em>ex</em></span> <span class='ocrx_word' id='word_1_270' title='bbox 603 2203 687 2251; x_wconf 86' lang='lat' dir='ltr'><em>mei</em></span> <span class='ocrx_word' id='word_1_271' title='bbox 711 2203 836 2271; x_wconf 86' lang='lat' dir='ltr'><em>ipsius</em></span> <span class='ocrx_word' id='word_1_272' title='bbox 866 2203 1169 2265; x_wconf 85' lang='lat' dir='ltr'><em>observatione,</em></span> <span class='ocrx_word' id='word_1_273' title='bbox 1192 2203 1265 2251; x_wconf 84' lang='lat' dir='ltr'><em>ubi</em></span> <span class='ocrx_word' id='word_1_274' title='bbox 1288 2203 1402 2270; x_wconf 81' lang='lat' dir='ltr'><em>quid</em></span> <span class='ocrx_word' id='word_1_275' title='bbox 1421 2202 1604 2250; x_wconf 83' lang='lat' dir='ltr'><em>aliorum</em></span> <span class='ocrx_word' id='word_1_276' title='bbox 1625 2202 1900 2267; x_wconf 80' lang='lat' dir='ltr'><em>diligentiam</em></span> <span class='ocrx_word' id='word_1_277' title='bbox 1912 2206 2052 2270; x_wconf 73' lang='lat' dir='ltr'><em>fugis-</em></span> 
     </span>
     <span class='ocr_line' id='line_1_28' title="bbox 208 2280 2050 2349; baseline 0.001 -21"><span class='ocrx_word' id='word_1_278' title='bbox 208 2281 266 2341; x_wconf 72' lang='lat' dir='ltr'><strong><em>fi</em></strong></span> <span class='ocrx_word' id='word_1_279' title='bbox 296 2280 716 2341; x_wconf 84' lang='lat' dir='ltr'><em>animadvertebam,</em></span> <span class='ocrx_word' id='word_1_280' title='bbox 753 2299 884 2330; x_wconf 85' lang='lat' dir='ltr'><em>novas</em></span> <span class='ocrx_word' id='word_1_281' title='bbox 905 2281 1179 2342; x_wconf 87' lang='lat' dir='ltr'><em>conscribere,</em></span> <span class='ocrx_word' id='word_1_282' title='bbox 1218 2282 1340 2349; x_wconf 82' lang='lat' dir='ltr'><em>coepi.</em></span> <span class='ocrx_word' id='word_1_283' title='bbox 1393 2281 1524 2348; x_wconf 58' lang='lat' dir='ltr'><em>Quas</em></span> <span class='ocrx_word' id='word_1_284' title='bbox 1546 2281 1610 2328; x_wconf 82' lang='lat' dir='ltr'><em>Tu</em></span> <span class='ocrx_word' id='word_1_285' title='bbox 1634 2299 1762 2340; x_wconf 81' lang='lat' dir='ltr'><em>nunc,</em></span> <span class='ocrx_word' id='word_1_286' title='bbox 1800 2300 1896 2330; x_wconf 87' lang='lat' dir='ltr'><em>cum</em></span> <span class='ocrx_word' id='word_1_287' title='bbox 1922 2297 2050 2330; x_wconf 88' lang='lat' dir='ltr'><em>coete-</em></span> 
     </span>
     <span class='ocr_line' id='line_1_29' title="bbox 223 2356 2050 2427; baseline 0.003 -24"><span class='ocrx_word' id='word_1_288' title='bbox 223 2356 282 2403; x_wconf 87' lang='lat' dir='ltr'><em>ris</em></span> <span class='ocrx_word' id='word_1_289' title='bbox 305 2359 475 2425; x_wconf 76' lang='lat' dir='ltr'><em>accipe3</em></span> <span class='ocrx_word' id='word_1_290' title='bbox 497 2358 548 2422; x_wconf 87' lang='lat' dir='ltr'><em>si</em></span> <span class='ocrx_word' id='word_1_291' title='bbox 563 2377 646 2406; x_wconf 89' lang='lat' dir='ltr'><em>non</em></span> <span class='ocrx_word' id='word_1_292' title='bbox 673 2359 822 2425; x_wconf 81' lang='lat' dir='ltr'><em>quales</em></span> <span class='ocrx_word' id='word_1_293' title='bbox 853 2359 910 2407; x_wconf 83' lang='lat' dir='ltr'><em>ab</em></span> <span class='ocrx_word' id='word_1_294' title='bbox 935 2377 981 2409; x_wconf 85' lang='lat' dir='ltr'><em>eo</em></span> <span class='ocrx_word' id='word_1_295' title='bbox 1004 2359 1227 2427; x_wconf 68' lang='lat' dir='ltr'><em>expec‘lari</em></span> <span class='ocrx_word' id='word_1_296' title='bbox 1239 2360 1410 2427; x_wconf 67' lang='lat' dir='ltr'><em>pffnt</em></span> <span class='ocrx_word' id='word_1_297' title='bbox 1438 2359 1516 2426; x_wconf 87' lang='lat' dir='ltr'><em>qui</em></span> <span class='ocrx_word' id='word_1_298' title='bbox 1536 2359 1670 2426; x_wconf 83' lang='lat' dir='ltr'><em>Operi</em></span> <span class='ocrx_word' id='word_1_299' title='bbox 1693 2359 1852 2408; x_wconf 89' lang='lat' dir='ltr'><em>edendo</em></span> <span class='ocrx_word' id='word_1_300' title='bbox 1879 2374 2050 2408; x_wconf 83' lang='lat' dir='ltr'><em>tantum</em></span> 
     </span>
     <span class='ocr_line' id='line_1_30' title="bbox 222 2435 2050 2506; baseline 0.003 -25"><span class='ocrx_word' id='word_1_301' title='bbox 222 2435 440 2502; x_wconf 83' lang='lat' dir='ltr'><em>temporis,</em></span> <span class='ocrx_word' id='word_1_302' title='bbox 478 2455 573 2485; x_wconf 90' lang='lat' dir='ltr'><em>cum</em></span> <span class='ocrx_word' id='word_1_303' title='bbox 602 2455 682 2485; x_wconf 81' lang='lat' dir='ltr'><em>non</em></span> <span class='ocrx_word' id='word_1_304' title='bbox 709 2437 910 2485; x_wconf 87' lang='lat' dir='ltr'><em>mediocri</em></span> <span class='ocrx_word' id='word_1_305' title='bbox 941 2457 1030 2505; x_wconf 87' lang='lat' dir='ltr'><em>qua</em></span> <span class='ocrx_word' id='word_1_306' title='bbox 1051 2438 1243 2506; x_wconf 83' lang='lat' dir='ltr'><em>pollebat</em></span> <span class='ocrx_word' id='word_1_307' title='bbox 1265 2438 1516 2498; x_wconf 83' lang='lat' dir='ltr'><em>eruditione,</em></span> <span class='ocrx_word' id='word_1_308' title='bbox 1534 2438 1850 2503; x_wconf 72' lang='lat' dir='ltr'><em>infitmpfhrat5</em></span> <span class='ocrx_word' id='word_1_309' title='bbox 1888 2451 1935 2484; x_wconf 89' lang='lat' dir='ltr'><em>at</em></span> <span class='ocrx_word' id='word_1_310' title='bbox 1968 2457 2050 2486; x_wconf 73' lang='lat' dir='ltr'><em>non</em></span> 
     </span>
     <span class='ocr_line' id='line_1_31' title="bbox 219 2515 2049 2584; baseline 0.003 -25"><span class='ocrx_word' id='word_1_311' title='bbox 219 2515 418 2578; x_wconf 84' lang='lat' dir='ltr'><em>indignas</em></span> <span class='ocrx_word' id='word_1_312' title='bbox 463 2527 625 2576; x_wconf 84' lang='lat' dir='ltr'><em>tamen,</em></span> <span class='ocrx_word' id='word_1_313' title='bbox 662 2515 725 2562; x_wconf 88' lang='lat' dir='ltr'><em>uti</em></span> <span class='ocrx_word' id='word_1_314' title='bbox 746 2521 891 2583; x_wconf 85' lang='lat' dir='ltr'><em>spero,</em></span> <span class='ocrx_word' id='word_1_315' title='bbox 930 2535 1026 2582; x_wconf 86' lang='lat' dir='ltr'><em>quae</em></span> <span class='ocrx_word' id='word_1_316' title='bbox 1046 2516 1340 2584; x_wconf 64' lang='lat' dir='ltr'><em>supplementi</em></span> <span class='ocrx_word' id='word_1_317' title='bbox 1376 2517 1514 2565; x_wconf 86' lang='lat' dir='ltr'><em>vicem</em></span> <span class='ocrx_word' id='word_1_318' title='bbox 1558 2515 1799 2575; x_wconf 81' lang='lat' dir='ltr'><em>obtineant3</em></span> <span class='ocrx_word' id='word_1_319' title='bbox 1850 2517 2049 2581; x_wconf 77' lang='lat' dir='ltr'><em>quamvis</em></span> 
     </span>
     <span class='ocr_line' id='line_1_32' title="bbox 220 2590 2047 2666; baseline -0.001 -27"><span class='ocrx_word' id='word_1_320' title='bbox 220 2592 402 2659; x_wconf 84' lang='lat' dir='ltr'><em>raptim,</em></span> <span class='ocrx_word' id='word_1_321' title='bbox 439 2608 488 2638; x_wconf 91' lang='lat' dir='ltr'><em>re</em></span> <span class='ocrx_word' id='word_1_322' title='bbox 511 2590 572 2638; x_wconf 86' lang='lat' dir='ltr'><em>ita</em></span> <span class='ocrx_word' id='word_1_323' title='bbox 590 2593 845 2658; x_wconf 86' lang='lat' dir='ltr'><em>postulante,</em></span> <span class='ocrx_word' id='word_1_324' title='bbox 882 2613 910 2642; x_wconf 93' lang='lat' dir='ltr'><em>a</em></span> <span class='ocrx_word' id='word_1_325' title='bbox 940 2613 1009 2645; x_wconf 88' lang='lat' dir='ltr'><em>me</em></span> <span class='ocrx_word' id='word_1_326' title='bbox 1020 2595 1330 2666; x_wconf 80' lang='lat' dir='ltr'><em>scriptaesint3</em></span> <span class='ocrx_word' id='word_1_327' title='bbox 1368 2613 1419 2644; x_wconf 86' lang='lat' dir='ltr'><em>ne</em></span> <span class='ocrx_word' id='word_1_328' title='bbox 1455 2593 1613 2643; x_wconf 82' lang='lat' dir='ltr'><em>diutius</em></span> <span class='ocrx_word' id='word_1_329' title='bbox 1638 2591 1843 2642; x_wconf 86' lang='lat' dir='ltr'><em>Editione</em></span> <span class='ocrx_word' id='word_1_330' title='bbox 1874 2590 2047 2655; x_wconf 78' lang='lat' dir='ltr'><em>utiliffi-</em></span> 
     </span>
     <span class='ocr_line' id='line_1_33' title="bbox 222 2668 912 2735; baseline 0.01 -21"><span class='ocrx_word' id='word_1_331' title='bbox 222 2689 295 2719; x_wconf 83' lang='lat' dir='ltr'><em>ma</em></span> <span class='ocrx_word' id='word_1_332' title='bbox 324 2680 492 2715; x_wconf 82' lang='lat' dir='ltr'><em>careret</em></span> <span class='ocrx_word' id='word_1_333' title='bbox 517 2668 648 2735; x_wconf 79' lang='lat' dir='ltr'><em>Resp.</em></span> <span class='ocrx_word' id='word_1_334' title='bbox 671 2668 912 2722; x_wconf 87' lang='lat' dir='ltr'><em>Literaria.</em></span> 
     </span>
    </p>
   </div>
   <div class='ocr_carea' id='block_1_3' title="bbox 286 2745 2053 2799">
    <p class='ocr_par' dir='ltr' id='par_1_5' title="bbox 286 2745 2053 2799">
     <span class='ocr_line' id='line_1_34' title="bbox 286 2745 2053 2799; baseline 0.001 -7"><span class='ocrx_word' id='word_1_335' title='bbox 286 2748 366 2798; x_wconf 87' lang='lat' dir='ltr'><em>Vo</em></span> <span class='ocrx_word' id='word_1_336' title='bbox 381 2762 420 2792; x_wconf 86' lang='lat' dir='ltr'><em>L.</em></span> <span class='ocrx_word' id='word_1_337' title='bbox 460 2754 494 2799; x_wconf 81' lang='grc' dir='ltr'><em>Ι.</em></span> <span class='ocrx_word' id='word_1_338' title='bbox 1250 2768 1276 2799; x_wconf 81' lang='lat' dir='ltr'><em>a</em></span> <span class='ocrx_word' id='word_1_339' title='bbox 1938 2745 2053 2795; x_wconf 77' lang='lat' dir='ltr'><em>Haee</em></span> 
     </span>
    </p>
   </div>
  </div>
 </body>
</html>
