2350 3192
638 119 807 183 DE
910 118 1822 189 PLUTARCHO

404 268 531 333 joan.
557 258 857 310 Salisberienfis
880 259 951 311 vel
979 259 1296 318 Sarisberienfis‚
1337 266 1587 314 Carnutum
1610 265 1858 334 Episcopus,
1892 264 1965 320 lib.
1996 286 2065 321 1v.

964 347 1057 396 cap.
1083 347 1189 378 v111.
1233 327 1496 395 Polycratici.

379 462 439 504 De
457 454 768 523 Magistratuum
791 448 1044 501 moderatione
1075 453 1211 501 librum
1223 454 1361 519 fertur
1376 455 1563 522 scrqifiſje
1605 458 1857 515 Plutarchus,
1894 464 1961 526 qui
1987 463 2163 528 inscribi-

312 541 382 574 tur
402 526 790 590 Archigrammaton,
827 520 888 573 &
913 522 1178 589 magistratum
1192 525 1277 588 suae
1305 522 1412 571 urbis
1439 526 1495 572 ad
1525 529 1763 590 patientiam
1793 530 1853 583 ἄν
1880 530 2049 595 justitiae
2078 534 2164 581 cul..

311 608 396 642 tum
426 593 564 642 verbis
592 592 787 657 instituiffie
826 588 972 638 dicitur
999 595 1059 647 (ᾗ)
1082 592 1273 657 exemplis.

898 714 1020 764 Idem
1050 718 1096 762 in
1120 714 1370 766 Praefatione
1400 716 1496 766 libri
1522 735 1570 767 v.

376 839 561 905 Modesta
609 857 698 903 ergo
739 838 942 887 brevitate
978 842 1019 885 in
1061 840 1294 905 inspiciendo
1332 857 1483 908 corpore
1515 846 1597 909 ejus
1623 843 1780 908 Reipuh.
1810 848 2064 904 immoremur,
2102 853 2163 905 ὠ

295 911 405 978 quid
419 911 540 976 super
570 908 639 954 hoc
665 907 901 956 Plutarchus
926 909 1094 974 censeat,
1133 909 1332 958 audiatur.
1405 916 1515 958 Nam
1548 911 1712 959 deduiia
1739 914 2010 979 superstitione
2028 918 2164 982 genti-

308 982 415 1036 lium,
429 978 565 1042 fidelis
593 976 705 1041 estin
725 979 954 1043 sententiis,
992 980 1034 1023 in
1054 977 1191 1024 verbis
1218 978 1452 1037 luculentus,
1491 984 1551 1037 ὠ
1578 984 1619 1027 in
1635 981 1819 1045 sacrario
1845 1001 1988 1030 morum
2025 997 2166 1032 tantus

292 1048 471 1104 arbiter,
509 1059 555 1093 ut
571 1046 696 1113 facile
710 1058 979 1112 praeceptorem
999 1049 1158 1110 Trajani
1176 1047 1290 1112 poffis
1317 1051 1534 1115 agnoscere.
1608 1053 1651 1096 Si
1675 1051 1771 1115 quid
1796 1065 1926 1098 autem
1956 1052 2066 1116 apud
2080 1071 2163 1100 eum

308 1119 336 1164 a
351 1117 434 1180 fide
475 1116 644 1180 dissentit
683 1129 756 1162 aut
797 1114 980 1171 moribus,
1017 1118 1175 1180 tempori
1204 1120 1337 1181 potius
1379 1136 1495 1184 quam
1527 1121 1621 1164 ‘viro
1653 1118 1918 1182 adscribatur.
1993 1122 2038 1165 Si
2052 1124 2164 1168 ’enim

296 1186 468 1252 <Virgilio
497 1175 609 1231 licuit
637 1202 775 1231 aurum
797 1186 1000 1249 sapientia
1029 1186 1071 1229 in
1095 1185 1176 1230 luto
1202 1189 1319 1230 Ennii
1346 1203 1530 1250 quaerere,
1567 1200 1649 1250 quae
1691 1185 1849 1233 invidia
1890 1187 1957 1252 est,
1993 1206 2075 1255 quae
2111 1191 2168 1237 ad

300 1255 558 1302 ‚eruditionem
586 1252 752 1316 nostram
777 1254 804 1299 ci
822 1251 1034 1318 gentilibus
1052 1252 1211 1315 scripta
1226 1253 1345 1317 sunt,
1380 1252 1520 1316 nostris
1546 1270 1833 1300 commemorare
1848 1255 1871 1300 ,Ρ

954 1372 1072 1420 Libri
1096 1369 1283 1435 ejusdem
1302 1391 1392 1441 cap.
1425 1390 1494 1423 1v.

372 1505 456 1566 Ego
494 1502 535 1545 in
567 1498 652 1555 hoc,
676 1498 788 1562 ficut
832 1499 892 1551 ὠ·
928 1499 970 1542 in
996 1496 1190 1560 plurimis,
1228 1497 1483 1545 Plutarchum
1509 1500 1641 1566 censeo
1668 1499 1911 1558 audiendum,
1945 1505 2014 1567 qui
2037 1508 2161 1552 Deam

307 1588 446 1619 cacam
473 1569 668 1616 colendam
700 1567 767 1632 effe
789 1578 923 1631 negat,
959 1566 1123 1629 aſjerens
1150 1583 1234 1612 eam
1267 1567 1342 1632 nisi
1364 1586 1389 1614 a
1417 1570 1529 1615 caecis
1554 1569 1628 1616 coli
1654 1586 1730 1615 non
1754 1570 1864 1636 poſje.
1898 1573 2043 1619 Multa
2067 1593 2162 1640 quo-

306 1657 379 1706 que
396 1640 574 1704 proponit
598 1636 781 1701 exempla,
817 1632 953 1700 quihus
975 1634 1098 1699 liquet
1122 1652 1249 1682 omnes
1286 1655 1392 1683 caecae
1419 1641 1508 1685 Deae
1547 1638 1716 1685 cultores
1754 1652 1930 1699 caecatos,
1976 1643 2037 1695 &
2059 1658 2161 1708 prae-

301 1711 490 1774 cipitatos
517 1706 675 1753 tandem
701 1708 743 1751 in
759 1702 929 1771 foveam
958 1705 1191 1751 exterminii.

1155 1825 1336 1877 Ibidem

375 1957 491 2000 Nam
514 1956 556 1999 in
578 1951 755 1999 doffrina
782 1967 926 1997 morum
953 1948 1263 2016 luculentiffimus
1287 1950 1341 2015 est
1367 1952 1617 2001 Plutarchus.

966 2070 1089 2119 Idem
1109 2069 1298 2140 Prologo
1322 2071 1420 2121 libri
1453 2091 1521 2123 VI.

381 2207 481 2249 Dum
505 2197 712 2247 Plutarchi
732 2196 903 2262 vestigia
928 2199 968 2241 in
993 2199 1151 2259 Trajani
1175 2194 1411 2258 institutione
1425 2196 1670 2263 familiarius
1682 2200 1843 2265 sequor,
1881 2203 2057 2268 meipsum
2088 2204 2161 2252 hac

310 2273 475 2336 imagine
519 2267 690 2314 arbitror
728 2265 956 2331 compellari,
994 2281 1130 2330 eroque
1169 2263 1330 2311 ludibrio
1367 2270 1542 2322 omnium,
1589 2268 1663 2331 nisi
1694 2268 1917 2335 diligentius
1948 2274 2159 2340 persequar

315 2339 418 2407 quod
444 2339 591 2401 incoepi.
661 2342 737 2382 Me
763 2339 861 2382 enim
885 2336 926 2380 in
944 2333 1128 2398 praefinti
1159 2334 1335 2380 clientem
1361 2339 1445 2399 ejus
1470 2336 1536 2399 effi
1553 2335 1739 2402 profeffits
1754 2338 1856 2401 sum.
1929 2343 2073 2406 Sequor
2098 2361 2159 2389 εν-

310 2428 363 2476 go
387 2426 484 2465 eum,
520 2408 580 2460 ὠ
603 2424 629 2452 a
655 2408 782 2471 capite
807 2402 962 2468 Reipuh.
989 2420 1074 2448 cum
1100 2421 1141 2449 eo
1165 2403 1281 2468 usque
1311 2404 1367 2450 ad
1379 2404 1498 2468 pedes
1521 2404 1756 2470 descendam.

405 2529 640 2581 Franciscus
659 2522 893 2581 Petrarcha,
933 2522 1214 2583 florentinus,
1254 2523 1474 2593 Apologia
1498 2545 1649 2577 contra
1678 2526 1871 2587 Gallum,
1910 2531 2056 2590 tribus,

907 2610 1093 2662 quatuor
1115 2599 1281 2665 paginis
1304 2612 1402 2642 ante
1425 2594 1575 2645 finem.

391 2729 447 2770 Et
468 2742 553 2769 cum
574 2721 691 2768 Tullio
717 2725 897 2767 Senecam
917 2732 1032 2783 p0n0,
1070 2718 1116 2763 de
1147 2737 1220 2784 quo
1246 2719 1485 2766 Plutarchus
1506 2738 1668 2787 magnus
1691 2726 1762 2769 vir
1790 2725 1851 2777 &³
1880 2727 2037 2771 Graecus
2055 2727 2159 2774 ultro

305 2796 484 2864 fatetur,
519 2791 666 2840 nullum
696 2794 737 2837 in
767 2792 918 2837 Graecia
936 2785 1065 2854 fuiffi’,
1100 2791 1167 2854 qui
1177 2787 1258 2852 sthi
1288 2791 1328 2835 in
1355 2788 1579 2838 Moralibus
1596 2789 1710 2856 poffi't
1733 2794 1959 2855 comparari.

2034 2889 2157 2943 Idem
