2350 3192
448 129 584 187 IN
689 119 1036 182 PLUT

149 247 266 296 hunc
283 250 524 313 principem
551 261 684 293 nemo
709 240 753 288 id
776 237 1033 305 praestitisset.

150 322 255 365 Hoc
286 332 382 363 ante
419 314 541 361 illum
582 311 674 359 lane
715 306 866 359 fecerat
904 306 1038 354 excel-

150 382 254 439 lens,
295 393 338 431 &
366 384 524 449 ubique
549 378 670 426 serius
694 379 857 429 ametor,
900 378 1035 422 Corn.

150 454 325 500 Tacitus
368 455 414 497 in
452 446 598 515 aliquo
637 464 686 492 ex
723 448 770 490 iis
795 439 926 498 libris,
961 448 1039 510 qui

153 518 282 568 hodie
310 534 469 583 magno
498 515 646 561 nostro
675 509 790 559 malo
806 508 1041 558 desideran-

156 604 236 636 tur.
309 582 527 649 Scripstzrat
561 585 707 627 enim.-
742 583 837 625 Sene
866 579 1041 644 Augusto

156 654 292 718 Janus
321 649 558 716 patefaffus,
596 649 684 695 dum
716 646 820 712 apud
852 661 1042 693 extremos

159 719 289 781 (aliter
315 722 491 772 extimos)
508 731 699 764 terrarum
724 718 905 761 terminos
927 731 1043 759 novae

151 800 286 853 gentes
308 788 408 851 [σερε
437 803 485 832 ex
513 787 596 850 ufit,
632 787 693 839 &³
722 783 927 848 aliquando
959 800 1044 827 cum

154 855 290 900 damno
316 867 552 919 quaeruntur,
590 855 706 917 usque
742 852 797 898 ad
833 851 1046 916 Vespasiani

157 921 324 969 duravit
349 925 560 985 Imperium.
588 917 713 968 Clare
736 936 864 985 negat
884 924 1046 988 Janum

158 1007 184 1037 a
213 1006 440 1058 quoquam
480 986 666 1036 clausum
708 984 913 1053 (intellige
939 990 1046 1034 veris

160 1056 305 1106 caustis
341 1063 386 1104 δε
426 1053 644 1123 legitimis)
675 1056 770 1120 post
799 1055 1048 1122 Augustum

162 1122 217 1171 ad
255 1128 490 1189 Imperium
533 1121 800 1189 Vespasiani:
840 1131 883 1169 &
921 1127 1050 1170 ratio-

164 1211 266 1241 nem
284 1191 461 1256 subjicit,
497 1197 600 1260 quia
623 1210 721 1260 quae
762 1208 956 1256 tempora
985 1195 1051 1238 in-

165 1277 471 1319 tercurrerunt,
519 1257 709 1308 adversus
753 1258 822 1307 has
865 1268 909 1306 &
964 1255 1052 1306 illas

164 1347 308 1394 gentes
340 1327 447 1377 bella
482 1326 644 1395 semper
685 1325 827 1396 aliqua
860 1324 1053 1375 bellanda

165 1395 416 1447 habuerunt.
434 1402 584 1456 Quem
608 1399 749 1444 Taciti
778 1395 926 1444 locum
949 1413 1054 1443 nau-

166 1462 304 1530 fragio
335 1465 565 1510 subduxere
598 1463 747 1511 Paulus
774 1463 969 1520 Orosius,
1009 1473 1052 1512 δε

165 1531 365 1578 Historiae
396 1527 606 1577 Miscellae·
635 1533 784 1575 auctor
818 1530 920 1586 (sive
951 1536 1057 1576 Pau-

168 1595 233 1651 lus
258 1601 494 1651 Diaconus,
519 1595 606 1642 sive
621 1594 908 1660 Theophanes
926 1601 958 1643 is
983 1595 1050 1653 sit)

170 1663 242 1712 lib.
279 1681 366 1712 V11.
394 1680 485 1729 cap.
517 1679 606 1708 xx.
644 1666 737 1722 Qu
758 1669 964 1717 etiam,ut
993 1661 1056 1708 so-

171 1730 242 1791 let,
281 1730 408 1797 ipsius
438 1728 584 1779 Orofii
611 1729 748 1777 verbis
778 1727 988 1796 triplicem
1008 1727 1060 1776 il-

170 1798 258 1848 lam
271 1805 368 1870 Jani
394 1796 599 1860 clusuram
628 1794 786 1846 finitam
828 1798 880 1846 ab
906 1800 1060 1865 Augu-

171 1869 237 1915 sto
279 1884 628 1925 commemorat3
667 1872 854 1932 primam
881 1867 1060 1934 quidem

171 1933 268 1983 libri
309 1933 494 1997 ejusdem
537 1935 703 2002 septimi
737 1932 1061 2002 cap.-X1.alte-

173 2022 263 2052 ram
305 2023 397 2069 cap.
444 2022 555 2052 xm.
597 2007 763 2052 tertiam
784 2021 875 2069 cap.
909 2020 1056 2051 xvm.

174 2073 286 2121 Vide
311 2071 501 2138 Lipsium
542 2090 633 2139 cap.
668 2089 748 2120 11x.
775 2070 859 2119 lib:
880 2089 928 2121 11.
965 2074 1060 2119 An-

175 2145 395 2210 tiquarum
441 2138 695 2196 lectionum,
762 2148 805 2187 δε
847 2139 1061 2188 Caffiubo-

175 2227 284 2256 num
302 2206 591 2266 Animadvers.
621 2213 666 2255 in
695 2209 943 2275 Augustum
960 2214 1061 2256 Sue-

179 2282 300 2323 tonii.
351 2275 629 2324 Nubeculam
656 2276 866 2341 praediffls
895 2274 1064 2324 inducit

180 2341 250 2392 illa
281 2362 366 2392 vox
375 2347 484 2410 sene,
503 2343 533 2391 sl
557 2343 695 2391 modo
722 2348 863 2392 Taciti
884 2344 948 2401 sit,
969 2363 1061 2394 non

178 2416 321 2478 potius
341 2411 394 2459 ab
421 2410 581 2458 Orosio
607 2409 765 2469 addita,
801 2430 850 2460 ut
875 2412 1064 2462 firmaret

181 2499 278 2548 quae
329 2496 428 2527 ante
469 2476 603 2536 dixit,
657 2479 844 2529 nascente
891 2479 1065 2529 Christo

179 2546 368 2596 clausum
415 2548 468 2594 ab
509 2548 708 2615 Augusto
745 2552 931 2616 Janum3
969 2566 1066 2598 tum

182 2620 300 2664 enim
328 2613 447 2662 senex
473 2633 614 2663 revera
643 2612 725 2661 fuit
748 2617 980 2682 Augustus,
1020 2629 1064 2668 &

182 2682 477 2752 sexagenarius.
528 2684 713 2730 Annum
750 2700 818 2731 iv.
847 2682 914 2731 vel
940 2701 986 2732 v.
1022 2695 1066 2734 &

188 2767 268 2800 XL.
302 2756 374 2799 vix
415 2750 522 2799 dum
551 2751 716 2820 agebat,
753 2769 846 2824 quo
876 2769 1068 2821 tempore

250 2821 372 2884 YOL·
401 2823 434 2870 I.

1084 117 1686 177 ARCHUM.
1897 134 1974 193 25

1087 232 1276 283 clausum
1298 234 1352 282 ab
1382 254 1434 283 eo
1469 241 1630 305 Janum
1672 241 1828 305 quinto
1855 234 1975 300 supra

1087 308 1347 352 notavimus.
1385 301 1468 350 Sed
1496 309 1626 352 etiam
1650 304 1729 352 hac
1750 321 1868 353 aetate
1897 320 1977 368 po-

1089 376 1173 418 tuit
1199 377 1416 440 aggregari
1442 376 1490 418 iis
1518 371 1693 428 senibus,
1730 392 1840 440 quos
1865 370 1975 418 libro

1092 460 1138 490 v.
1164 462 1355 491 extremo
1389 442 1590 506 ὑγιεινῶν,
1626 443 1812 492 Galenus
1835 448 1979 491 nomi-

1089 528 1162 558 nat
1196 511 1502 580 ω’μογέξοιῆας,
1539 510 1586 558 id
1618 514 1692 568 est,
1730 517 1907 559 virentes
1933 521 1978 558 ὃς

1088 584 1226 630 crudos
1251 587 1380 649 senes,
1417 604 1526 653 quos
1558 589 1686 632 etiam
1720 578 1981 650 πϋςεὲηκό-

1090 672 1188 709 τοις,
1226 659 1422 704 eGraecis
1447 654 1629 724 quidam
1653 655 1890 723 appellant:
1908 653 1981 702 etsi

1092 739 1185 767 non
1215 739 1323 769 unus
1350 743 1400 771 ex
1431 729 1479 771 iis
1508 724 1648 780 fuerit,
1685 743 1796 792 quos
1835 730 1880 770 in
1921 722 1985 770 ui-

1094 793 1199 836 tima
1226 788 1433 836 senectute
1463 791 1624 855 positos
1654 790 1771 839 idem
1811 789 1984 838 nobilis-

1095 855 1225 904 simus
1253 855 1430 923 scriptor
1460 857 1647 904 Galenus
1677 859 1840 905 ibidem
1870 881 1986 924 πεμ-

1097 926 1233 982 πὲλὸς
1264 942 1410 981 vocat,
1449 924 1568 993 quasi
1600 927 1804 972 mittendos
1819 931 1987 991 jamjam

1095 998 1137 1040 in
1162 1002 1315 1049 Orcum,
1352 993 1697 1063 TUMCWQffO‘G
1743 1011 1836 1040 non
1871 998 1992 1040 inve-

1097 1062 1219 1109 nuste
1249 1081 1429 1131 quoque
1459 1066 1609 1110 Graece
1642 1060 1813 1108 dixeris:
1854 1065 1991 1109 Latini

1098 1148 1255 1177 veteres
1284 1132 1517 1195 depontanos
1546 1128 1767 1187 dixissent3
1790 1131 1992 1194 silicernia

1101 1195 1285 1253 Plautus,
1323 1197 1390 1245 vel
1418 1196 1668 1265 decrepitos,
1704 1196 1788 1245 hoc
1815 1198 1888 1253 est,
1926 1203 1993 1245 in-

1102 1283 1279 1332 terprete
1310 1270 1483 1324 Nonio,
1520 1284 1640 1315 aetate
1668 1271 1726 1313 ita
1755 1265 1992 1322 conseditos,

1104 1352 1151 1382 ut
1180 1332 1366 1382 dubium
1391 1334 1453 1391 fit,
1494 1340 1715 1392 vivantne,
1751 1353 1804 1382 an
1829 1338 1996 1381 mortui

1104 1401 1196 1450 sint.
1278 1401 1459 1451 Accedit
1500 1402 1624 1472 quod
1669 1422 1718 1451 ex
1763 1406 1996 1450 Avicennae

1105 1477 1328 1538 opinione,
1392 1476 1532 1536 prima
1575 1476 1733 1536 primi,
1790 1488 1882 1535 cap.
1928 1475 1997 1517 De

1104 1538 1504 1601 complexionibus,
1561 1556 1697 1603 annus
1738 1543 1914 1604 quintus
1951 1544 1998 1585 δε

1104 1602 1342 1650 tricesimus
1372 1608 1547 1651 initium
1588 1602 1691 1652 facit
1726 1604 1960 1652 senectutis,

1173 1676 1263 1732 Qui
1291 1671 1522 1735 septimum
1554 1677 1644 1734 jure
1672 1691 1720 1720 ac
1749 1677 2000 1741 proprieJa-

1106 1756 1215 1785 num
1243 1736 1444 1795 clauserit,
1483 1741 1656 1787 Marcus
1694 1739 1891 1787 Aurelius
1917 1760 1998 1788 no-

1108 1812 1262 1854 minari
1303 1808 1457 1874 potest,
1516 1812 1688 1855 auCtore
1732 1814 1998 1875 cognomine

1108 1873 1284 1922 Aurelio
1314 1878 1491 1922 Victore
1521 1874 1630 1923 libro
1670 1874 1722 1923 de
1745 1875 1995 1932 Caesaribus,

1108 1961 1199 2008 cap.
1231 1961 1401 1991 XXVII.
1439 1945 1657 1991 Gordianus
1682 1948 1723 1990 in
1749 1948 1889 2010 Perfizs
1903 1961 1995 2010 pro-

1099 2012 1233 2077 fefffus
1269 2011 1336 2075 est,
1374 2031 1459 2058 cum
1476 2016 1589 2076 prius
1617 2013 1724 2076 Jani
1749 2014 1861 2068 cedes,
1898 2032 1997 2078 quas

1107 2085 1277 2127 Alatreus
1312 2082 1520 2145 clauserat,
1549 2094 1733 2144 patentes
1758 2099 1857 2128 more
1880 2096 1997 2128 vete-

1107 2167 1191 2194 rmn
1217 2149 1383 2214 feciffet.
1430 2146 1503 2195 etfi
1535 2146 1587 2196 de
1626 2152 1780 2196 Marco
1809 2146 1855 2195 id
1888 2147 1995 2196 solus

1110 2219 1263 2264 Viator
1290 2215 1515 2268 tradiderit.
1571 2220 1641 2263 De
1671 2216 1898 2265 Gordiano
1924 2235 1998 2264 ve-

1110 2303 1172 2342 ro,
1207 2282 1359 2332 scilicet
1384 2288 1524 2340 tertio,
1545 2292 1588 2331 δε
1615 2289 1684 2332 cui
1712 2282 1900 2332 delatum
1912 2289 1995 2330 im-

1110 2356 1277 2418 perium
1312 2355 1366 2400 A.
1388 2357 1446 2401 U.
1475 2357 1529 2400 C.
1563 2369 1863 2402 Decccxen.
1893 2349 1997 2419 legi-

1110 2440 1222 2478 mus,
1257 2418 1405 2469 eadem
1461 2439 1559 2490 quae
1616 2419 1810 2467 Aurelius
1869 2424 1998 2470 nimis

1113 2487 1242 2537 multi
1279 2486 1537 2555 scripserunt.
1616 2493 1846 2554 Eutropius
1885 2487 1996 2536 libro

1114 2575 1184 2607 ΙΧ.
1214 2562 1260 2605 in
1290 2576 1432 2606 rerum
1471 2555 1677 2604 Gordiani
1706 2554 1832 2619 hujus
1862 2557 1999 2605 brevi—

1114 2630 1229 2674 ario:
1265 2627 1496 2679 Gordianus,
1532 2623 1730 2669 admodum
1753 2639 1865 2688 puer,
1915 2625 2000 2688 Ja-

1113 2713 1202 2742 mtm
1221 2697 1410 2759 geminum
1435 2696 1612 2756 aperuit:
1648 2690 1708 2742 &⁰
1730 2692 1786 2738 ad
1805 2697 1998 2741 Orientem

1110 2762 1324 2828 profefi‘us,
1358 2759 1517 2806 Parthis
1550 2758 1683 2808 bellum
1709 2762 1856 2809 intulit.
1931 2766 2023 2824 Ius

1298 2830 1350 2877 M
1368 2843 1415 2875 m
1434 2844 1481 2876 m
1923 2825 2008 2879 'lius
