2350 3192
645 113 815 176 DE
903 109 1806 178 PLUTARCHO.

306 259 439 298 cum
482 237 725 316 gaudere.
822 237 1039 295 Sectam
1064 233 1518 314 Philosophorum
1543 238 1744 295 nullam
1771 239 1844 294 ita
1870 240 2059 305 coluit,
2096 258 2161 300 ut

309 352 424 388 non
450 351 516 388 ex
556 332 662 389 aliis
702 328 947 387 lubenter
987 331 1253 405 arriperet,
1301 327 1477 403 siquid
1520 332 1692 386 verius
1733 328 2024 407 meliusque
2061 333 2160 411 ipfi

305 421 593 480 videretur.
686 425 825 481 Non
881 420 1049 477 ferens
1092 418 1406 475 Stoicorum
1445 419 1737 485 Paradoxa,
1786 420 1877 479 sed
1905 427 2071 499 magis
2110 445 2161 481 e-

307 516 438 571 tiam
477 517 724 570 inimicus
750 513 1136 589 Epicureorum
1164 509 1544 584 irreligiositati,
1594 514 1648 568 in
1674 513 1857 570 multis
1886 513 2045 572 rebus
2085 513 2160 573 A-

304 606 597 662 ristotelem
622 602 876 680 sequitur,
924 604 1209 659 Platonem
1246 606 1300 658 in
1328 600 1604 679 plerisque,
1654 613 1712 665 δε
1751 607 1806 660 in
1833 603 1992 663 rebus
2028 605 2159 664 diffi-

304 697 510 753 cillimis
534 695 807 753 intellectu
839 713 969 751 cum
996 692 1454 750 Academicorum
1485 693 1677 750 Schola
1719 714 1833 751 non
1860 696 2159 774 infrequen-

304 803 385 843 ter
412 787 633 844 cohibet
665 784 937 843 affensum.
1019 787 1103 841 De
1133 784 1565 842 Christianorum
1591 785 1749 843 rebus
1782 796 1837 848 δε
1864 785 2156 865 dogmatiS,

304 897 434 935 cum
475 881 636 935 toties
674 876 725 934 se
764 875 979 933 offerret
1018 874 1252 940 occafi0‚
1301 876 1430 932 nihil
1472 875 1697 934 scribere
1737 879 1942 943 maluit,
1991 900 2159 956 quam

302 971 389 1025 vel
426 973 481 1025 in
524 989 586 1026 ea
624 988 746 1045 quae
788 988 902 1025 non
949 967 1065 1024 satis
1107 966 1280 1023 nosset
1322 967 1520 1032 invehi,
1571 969 1658 1025 vel
1697 988 1755 1025 ea
1782 968 1990 1028 laudare
2034 989 2158 1046 quae

302 1060 522 1118 videbat
560 1059 699 1133 rejici
740 1059 808 1116 ab
854 1058 1141 1123 omnibuS,
1217 1069 1273 1120 &
1332 1058 1603 1135 displicere
1642 1059 1976 1137 Principibus
2019 1063 2156 1117 viris.

302 1150 573 1227 Equidem
635 1172 701 1208 ex
757 1151 1207 1228 Apostolicorum
1264 1149 1562 1207 Librorum
1613 1150 1849 1205 lectione
1888 1150 2160 1227 profeciffe

303 1242 495 1318 (quod
534 1241 707 1299 visum
747 1240 1127 1308 Theodorito)
1171 1241 1259 1294 vix
1301 1236 1645 1295 crediderim:
1693 1259 1820 1296 nam
1859 1241 1984 1297 licet
2028 1261 2160 1318 prae-

298 1335 435 1390 clara
479 1333 738 1390 nonnulla
774 1330 943 1388 docet
983 1329 1052 1387 de
1089 1332 1211 1384 Deo
1252 1339 1309 1389 &
1350 1327 1508 1384 rebus
1547 1326 1759 1393 divinis,
1809 1340 1866 1391 &
1911 1337 2156 1408 quamvis

301 1425 563 1481 nonnulla
613 1444 681 1478 ex
732 1423 844 1492 ejus
886 1419 1087 1496 scriptis
1142 1435 1454 1495 opportune
1510 1418 1751 1475 Ethnicis
1807 1419 2157 1494 objectarunt

301 1513 448 1571 idem
490 1511 880 1575 Theodoritus‚
931 1508 1207 1574 Eusebiu8‚
1237 1520 1292 1571 ὃς
1322 1511 1404 1565 alii
1432 1526 1637 1566 veteres
1675 1510 1976 1577 Christ-iani,
2027 1515 2156 1573 nihil

302 1623 487 1661 tamen
542 1604 732 1667 habet,
782 1600 937 1678 quod
990 1621 1102 1657 non
1156 1603 1370 1657 rationis
1414 1599 1535 1659 usus
1586 1611 1643 1663 δε
1700 1601 1865 1660 lectio
1918 1605 2154 1664 Platonis

302 1706 360 1757 ὃς
404 1697 632 1754 aliorum
660 1692 1113 1769 Philosophorum
1156 1691 1251 1769 ipfi
1296 1695 1531 1768 potuerit
1558 1690 1899 1769 suppeditare.
1948 1698 2156 1771 Quem-

302 1785 608 1844 admodum
649 1804 779 1842 vero
805 1784 1020 1840 fuerunt
1048 1786 1141 1859 qui
1172 1782 1428 1839 omnibus
1468 1801 1713 1841 veterum
1754 1783 1954 1863 scriptis
2009 1787 2048 1844 fi
2089 1788 2156 1845 fit

302 1877 618 1940 carendum,
668 1876 956 1932 Plutarcho
998 1894 1166 1950 quam
1205 1878 1473 1950 aegerrime
1496 1879 1767 1933 'carituros
1795 1875 1846 1932 se
1877 1875 2000 1934 sunt
2037 1898 2156 1956 pro-

305 1966 434 2032 feffi,
481 1971 565 2024 vel
605 1967 642 2023 fi
685 1985 875 2022 omnes
917 1968 971 2020 in
1012 1985 1156 2021 mare
1212 1964 1491 2035 abjiciendi
1530 1965 1655 2030 lint,
1703 1968 2052 2026 Plutarchum
2103 1970 2155 2028 se

306 2060 587 2136 postremo
613 2059 738 2113 loco
779 2056 1074 2112 servaturos
1115 2053 1529 2120 affirmaverunt,
1576 2058 1659 2112 vel
1704 2062 1798 2132 qui
1825 2057 2000 2116 solum
2037 2062 2157 2118 Plu-

309 2150 557 2206 tarchum
595 2169 724 2205 cum
765 2145 986 2202 duobus
1040 2147 1125 2202 vel
1165 2145 1332 2202 tribus
1375 2148 1480 2202 aliis
1530 2146 1774 2223 perfecotae
1816 2147 2156 2211 bibliothecae

311 2240 631 2297 instruendae
673 2239 1038 2295 existimarunt
1066 2235 1325 2296 sufficere:
1373 2241 1443 2293 ita
1476 2237 1751 2318 Johannes
1799 2242 2156 2318 Metropolita

313 2330 748 2389 Euchaitensium
792 2328 888 2385 sub
935 2329 1281 2386 Constantini
1332 2329 1694 2385 Monomachi
1745 2340 1800 2391 ὃς
1843 2331 2157 2392 Comneno-

315 2443 434 2481 rum
474 2424 697 2498 imperio
740 2422 928 2483 darm,
993 2420 1212 2476 testatus
1260 2421 1357 2485 est,
1400 2420 1438 2476 fi
1480 2424 1733 2495 cuiquam
1785 2441 1851 2477 ex
1896 2425 2152 2483 omnibus

316 2514 676 2572 Ethnicorum
732 2509 1048 2587 sapientibus
1089 2515 1240 2568 venia
1294 2510 1742 2587 sempiternorum
1778 2511 2154 2591 suppliciorum

318 2604 570 2681 speranda
615 2603 792 2665 restet,
863 2621 982 2657 eam
1036 2606 1236 2659 nemini
1278 2605 1444 2676 magis
1485 2622 1512 2659 a
1553 2602 1770 2660 Christo
1824 2623 2067 2682 expetere
2102 2607 2154 2665 se

320 2715 487 2774 quam
519 2696 732 2751 Platoni
769 2713 828 2749 ac
861 2692 1160 2750 Plutarcho,
1256 2694 1451 2752 Verius
1493 2694 1602 2764 ejus
1635 2695 1689 2752 hi
1723 2696 1872 2753 sunt:

2029 2801 2155 2872 Εἴπες
