2350 3192
436 147 462 201 Ι
509 142 572 203 N
677 147 718 203 P
768 150 817 205 L
864 148 925 206 U
972 147 1026 205 T

227 281 846 334 ANIMADVERsio
887 291 943 334 11.

147 423 196 462 In
219 420 384 485 Legione
398 418 498 467 DC.
521 424 669 486 equites
689 437 880 484 nunquam
892 420 1030 485 fuiffe3

213 488 348 533 nedum
357 486 434 550 fitb
459 488 626 534 Romulo.
681 488 860 553 Legionis
872 490 1034 552 sexmil-

215 555 366 601 lenariae
409 572 484 599 non
521 555 587 616 effe
621 555 811 601 canorem
835 558 1034 603 Romulum

215 632 352 667 contra
371 638 418 666 ac
436 622 594 685 scripsit
620 622 867 670 Plutarchus.
939 629 1034 689 Qir-

213 704 311 734 τινα
333 689 406 752 fit,
441 705 516 734 non
540 691 694 754 liquere.
762 692 915 757 Falsum
939 697 1034 756 Lip-

195 755 301 818 stum
317 756 417 820 falfi
430 754 627 822 suspefios
641 757 839 806 habentem
866 764 1032 806 Livium

209 824 270 876 ὠ*
294 823 502 890 Polybium,
530 830 590 880 ὠ·
614 840 815 892 negantem
842 829 1035 894 cc.Jblum

212 894 359 954 equites
404 895 444 937 in
479 898 646 959 Legione
672 895 877 960 aliquando
905 896 1033 962 fuisse.

215 960 364 1023 Lapfies
393 966 442 1007 D.
473 965 709 1030 Hieronymi,
743 967 948 1029 Legionem
960 965 1036 1030 sub

213 1026 388 1091 Augusto
415 1033 474 1084 ὠ
498 1029 641 1077 Tiberio
661 1048 723 1078 vl.
751 1032 907 1078 millium
923 1031 1037 1098 fuiffie

202 1094 427 1159 scribentis.
497 1102 644 1145 Notati
661 1094 816 1165 Ciefhris
847 1106 1040 1165 Interpre-

214 1175 287 1209 tes.
355 1169 563 1212 Peccatum
575 1171 750 1233 Eutropii
769 1185 844 1214 non
868 1168 969 1216 reHe
991 1170 1041 1216 il-

216 1231 291 1277 lius
303 1233 598 1299 exscriptoribus
614 1254 640 1281 a
655 1237 780 1302 LiRlio
800 1240 1040 1302 imputatum.

218 1300 394 1346 Rotunde
422 1305 584 1368 perscepe
607 1305 710 1369 loqui
734 1305 933 1352 auitores:
969 1324 1044 1353 non

216 1368 340 1430 igitur
362 1369 410 1414 ab
423 1375 605 1436 Eutropio
627 1373 815 1437 diſjentire
835 1377 1043 1431 Pceanium,

203 1434 283 1497 fid
326 1450 527 1501 utrumque
552 1440 698 1503 fallere
726 1443 851 1506 semel
885 1444 946 1496 ὠ·
972 1442 1043 1491 his.

217 1501 451 1549 Scribeiztem
465 1505 660 1571 Polybium
684 1525 764 1552 rem
775 1526 822 1553 ne
836 1525 941 1554 vul.
957 1515 1045 1573 qui—

216 1570 299 1614 dem
335 1570 541 1633 legionibus
577 1575 644 1637 effe
688 1573 830 1637 gestam
866 1588 959 1622 ante
985 1582 1042 1623 A.

222 1651 476 1684 Dxxxvn.
508 1655 584 1683 non
602 1654 778 1705 pugnare
803 1659 888 1688 cum
908 1647 1045 1700 Livio,

219 1702 437 1768 affirmante
458 1705 601 1771 gestam
613 1707 686 1755 vel
703 1725 744 1754 x.
758 1708 966 1774 legionibus
985 1715 1043 1758 A.

223 1789 361 1821 cmv.
403 1777 464 1829 &
504 1780 560 1821 A.
599 1792 760 1825 ceux.
815 1777 1046 1841 Explicatus

220 1842 544 1906 Halicarnaffeus.
638 1849 689 1890 In
733 1847 901 1910 Legione
928 1845 1046 1911 fuiffe

221 1925 303 1956 Lx.
333 1914 534 1957 centurias
547 1930 560 1957 .·
593 1929 669 1959 non
694 1914 809 1979 sequi
834 1930 883 1959 ex
902 1931 944 1960 eo
968 1913 1044 1980 fu·-

220 1977 286 2040 iffe
301 1978 408 2024 illam
431 1995 498 2027 v1.
519 1980 692 2028 millium.
745 1980 936 2050 Sylburgii
960 1982 1045 2029 hal-

219 2045 419 2094 lucinatio.
455 2051 721 2113 Incogitantia
753 2049 862 2112 Festi.
910 2055 1044 2097 Nota-

220 2127 287 2160 tus
312 2119 508 2162 Amiotus.
545 2117 833 2165 Centurionibus
862 2115 923 2168 &²
955 2119 1043 2166 Chi-

220 2182 379 2230 liarchis
404 2200 478 2230 non
492 2186 656 2250 paruiffe
685 2188 836 2244 milites,
852 2200 947 2252 quot
973 2205 1042 2234 no-

222 2268 305 2296 men
330 2249 490 2299 indicat.
561 2258 634 2300 Cur
667 2271 756 2321 ergo
793 2257 1044 2303 Centuriones>

226 2321 287 2372 ῥ’
311 2319 531 2367 chiliarchae
561 2321 666 2369 diiii.

253 2443 306 2488 In
334 2440 487 2489 eodem
512 2440 712 2490 Romulo
725 2462 822 2513 pag.
858 2460 886 2495 6
899 2469 936 2511 3.

153 2562 601 2652 ΔΙπλασιαθείσ-ης
645 2565 670 2633 3
711 2564 743 2619 ‘13
772 2566 956 2632 πόλεως,
993 2573 1039 2625 ou'

271 2641 481 2703 λεγεῶνες
520 2635 684 2704 {sperno
725 2638 863 2707 πεζῶν
899 2644 1041 2708 ἑξακι-

156 2710 324 2776 χελίων,
363 2709 565 2775 ἱππέων3
599 2710 850 2776 ἑξακοσίων
889 2711 1041 2765 Gemi-

157 2798 266 2836 num
295 2785 570 2853 οἱμαζξτῃμα.
620 2785 777 2839 Unum
807 2791 880 2848 est,
916 2793 1039 2862 quod

1072 137 1672 208 ARCHUM.
1933 167 1960 221 3

1082 269 1244 318 tametsi
1270 282 1471 319 numerus
1501 276 1699 339 equitum
1732 273 1889 337 cuique
1911 265 1967 314 le-

1080 342 1201 403 gioni
1225 341 1450 387 attributus
1477 337 1694 386 multoties
1732 342 1966 389 variaverit,

1081 405 1188 453 adeo
1237 424 1284 454 ut
1327 425 1647 474 nonnunquam
1700 405 1964 461 ducenarius,

1080 473 1296 522 interdum
1323 475 1713 542 quadringenarias,
1750 474 1851 539 saepe
1889 491 1968 520 tre-

1080 547 1267 590 cenarius
1307 542 1424 590 fuisse
1474 547 1725 608 reperiatur:
1774 541 1968 590 sexcenos

1081 624 1224 656 tamen
1252 616 1414 678 equites
1443 617 1488 660 in
1515 630 1647 659 unam
1673 610 1888 679 legionem
1913 612 1969 659 es-

1080 674 1117 721 se
1144 679 1397 726 constitutos
1431 679 1496 727 vel
1532 679 1829 729 florentissirnis
1869 685 1970 729 Rei-

1080 742 1187 808 pub.
1244 750 1455 795 Romanae
1509 750 1797 812 temporibu8‚
1857 748 1972 815 apud

1081 810 1252 859 nullum
1272 811 1482 860 idoneum
1509 817 1731 862 austorem
1749 820 1970 873 Qae'cum,

1083 883 1304 937 Latinum,
1341 880 1567 950 quisquam
1603 888 1780 948 reperire
1819 901 1970 950 queat3

1083 964 1256 995 tantum
1297 949 1426 1006 abest,
1466 966 1514 996 ut
1552 946 1637 996 hoc
1674 955 1748 997 uni
1775 948 1849 996 soli
1880 950 1975 997 Plu-

1085 1014 1230 1063 tarcho
1270 1016 1323 1064 de
1354 1022 1503 1084 primis
1540 1025 1583 1065 &t
1625 1018 1825 1067 nascentis
1863 1019 1977 1066 urbis

1087 1088 1242 1134 Romae
1267 1080 1532 1153 temporibus
1557 1083 1752 1134 referenti
1786 1086 1977 1135 accrede-

1086 1171 1129 1200 re
1153 1150 1393 1202 debeamus.

1159 1220 1359 1270 Alterum
1381 1224 1454 1279 est,
1490 1223 1613 1292 quod
1638 1242 1729 1273 non
1755 1221 1834 1271 nifi
1867 1223 1982 1272 mul-'

1091 1295 1140 1338 tis
1162 1293 1257 1356 post
1285 1289 1532 1340 Romulum
1568 1291 1708 1341 seculis
1742 1291 1902 1341 faotam
1925 1291 1982 1340 se-

1091 1378 1199 1407 num
1224 1358 1410 1409 millium
1437 1358 1862 1429 peditumlegionem
1878 1380 1983 1410 con—

1092 1428 1182 1475 stat.
1196 1427 1285 1476 Etsi
1299 1429 1478 1498 quando
1491 1427 1536 1476 id
1560 1434 1752 1497 primum
1762 1430 1980 1497 placuerit,

1092 1499 1149 1543 ita
1184 1501 1297 1544 varie
1324 1514 1496 1544 narrant
1510 1501 1716 1553 sinitote&
1755 1516 1802 1545 ut
1826 1517 1985 1545 conve-

1092 1566 1181 1607 nire
1204 1577 1287 1627 pax
1305 1567 1413 1609 inter
1439 1560 1532 1610 illos
1552 1580 1644 1611 non
1665 1562 1804 1631 poffit.
1844 1567 1984 1613 Festus

1093 1632 1324 1695 Pompeius
1363 1629 1473 1678 libro
1515 1648 1646 1679 xvn.
1688 1631 1745 1681 sic
1779 1638 1862 1681 ait:
1907 1640 1990 1681 Sex'

1092 1697 1252 1743 millium
1294 1700 1355 1751 ὠ·
1393 1699 1641 1746 ducentorum
1681 1701 1870 1748 hominum
1899 1707 1984 1767 pri-

1092 1782 1175 1811 mus
1203 1771 1242 1812 C.
1266 1769 1429 1812 Marius
1455 1768 1673 1832 conscripsit
1694 1770 1884 1835 legionem.
1923 1772 1985 1818 At

1093 1836 1236 1881 Livius
1270 1851 1406 1901 quam
1443 1833 1625 1882 diverse?
1662 1836 1713 1883 Id
1752 1843 1870 1886 enim
1900 1838 1990 1886 fac-'

1092 1917 1188 1948 tum
1231 1920 1255 1948 a
1309 1906 1509 1969 Scipione
1551 1903 1756 1952 Africano
1803 1911 1980 1969 majore,

1091 1988 1192 2017 cum
1216 1970 1312 2018 effer
1333 1976 1568 2019 exercitum
1608 1977 1653 2020 in
1683 1971 1876 2023 Africam
1900 1993 1983 2023 tra-

1087 2037 1384 2098 jeeturus‚hoc
1411 2041 1484 2097 est,
1507 2042 1568 2087 U.
1593 2045 1646 2088 C.
1664 2059 1781 2090 anno
1797 2061 1977 2092 Dxmx.

1088 2105 1182 2172 plus
1211 2125 1388 2156 centum
1415 2114 1536 2157 annis
1569 2125 1666 2157 ante
1694 2115 1749 2158 C.
1783 2115 1983 2160 Marium

1089 2173 1233 2225 diserte
1284 2177 1430 2243 prodit
1486 2175 1648 2226 Annali
1702 2177 1978 2230 undetricesi—

1088 2261 1193 2292 mo:
1266 2250 1378 2293 uinta
1406 2251 1466 2303 &
1485 2249 1608 2313 sexta
1633 2252 1843 2316 Cannenses
1863 2262 1978 2297 erant

1086 2312 1278 2379 legiones:
1323 2333 1389 2362 eus
1411 2318 1460 2381 se
1502 2316 1754 2380 trajeiiurum
1785 2322 1827 2363 in
1856 2322 1975 2383 Afri*

1087 2400 1173 2428 cam
1211 2401 1297 2430 cum
1320 2384 1472 2448 dixiſjet
1482 2420 1496 2440 ,
1520 2385 1696 2450 singulos
1739 2386 1879 2431 milites
1910 2391 1972 2432 in-

1073 2451 1222 2515 spexit,
1260 2452 1474 2519 reliiizsque
1507 2472 1600 2518 quos
1620 2470 1694 2497 non
1712 2452 1864 2499 idoneos
1888 2473 1973 2501 cre.

1086 2519 1218 2577 debat,
1251 2525 1292 2568 in
1320 2521 1443 2568 locum
1467 2538 1591 2567 eorum
1603 2519 1786 2585 subjecit,
1800 2526 1969 2588 quasse-

1087 2607 1172 2634 cum
1196 2607 1247 2636 ex
1270 2591 1393 2637 Italia
1428 2589 1668 2635 adduxerat.-
1692 2589 1967 2656 fiipplevitque

1086 2659 1147 2704 ita
1173 2677 1239 2705 eas
1268 2660 1444 2724 legiones,
1480 2668 1525 2702 ut
1573 2654 1707 2720 tngulae
1723 2657 1823 2720 sena
1847 2661 1967 2706 millia

1087 2729 1148 2780 &
1183 2727 1348 2773 ducenos
1374 2725 1538 2789 pedites,
1588 2737 1760 2770 trecenos
1784 2724 1965 2773 haberent

1085 2797 1243 2859 equites.
1268 2790 1350 2839 Sed
1373 2792 1499 2841 habet
1514 2809 1689 2860 uterque
1723 2791 1852 2859 paulo
1876 2813 1966 2843 ma-

1194 2864 1269 2907 Iii
1310 2878 1335 2907 2.
1832 2868 1970 2926 jorem
