2350 3192
321 148 400 211 30

320 268 436 299 certo
450 250 645 319 quodam
659 249 851 316 pondere
877 264 1008 317 atque
1019 245 1212 295 bonitate

319 319 508 374 fuerant,
567 317 712 388 quales
747 337 849 368 cum
881 320 1038 385 recepti
1085 311 1211 362 semel

318 386 582 454 placuiffent,
616 393 769 436 retenti
794 385 890 435 sunt
928 387 981 434 ab
1017 382 1211 433 insecutis

318 459 584 524 principibus
613 455 742 506 simul
782 475 885 504 cum
913 451 1211 522 appellatione,

318 543 501 593 excepto
533 526 751 586 duntaxat,
803 523 928 594 quod
956 519 1130 572 vultum
1166 531 1210 570 &

318 612 500 651 nomen,
523 601 600 664 qui
623 597 767 663 postea
795 595 968 642 formati
996 591 1103 652 sunt,
1119 609 1212 640 non

318 664 553 721 Antonini,
587 662 656 711 sed
691 669 778 727 ejus
814 665 1099 729 ImperatoriS,
1136 665 1214 729 qui

317 731 494 781 formari
513 732 698 795 juffisset,
734 730 983 782 referebant.
1023 734 1092 778 De
1118 730 1213 778 Phi-

315 802 448 867 lippeis
473 806 669 870 argenteis
694 802 811 851 idem
834 799 935 848 licet
957 799 1208 855 existimare,

319 887 398 917 nec
435 889 528 918 non
569 881 612 918 δε
659 869 712 918 de
750 867 979 936 Philippeis
1021 872 1132 916 aereis
1166 877 1210 916 &

317 945 522 1007 argenteis
535 939 798 988 Aurelianeis
813 966 824 999 3
839 939 891 986 de
918 937 1074 1005 quibus
1091 954 1213 983 men-

318 1011 382 1054 tio
412 1006 530 1076 apud
556 1007 746 1055 eundem
772 1004 1010 1074 Vopiscum
1038 1008 1085 1053 in
1113 1010 1213 1054 Pro-

317 1076 404 1123 bo:
440 1081 545 1124 Huic
586 1080 713 1142 igitur
751 1077 838 1124 dari
860 1074 1019 1141 jubebis
1069 1074 1213 1134 (verba

316 1141 413 1191 sunt
450 1144 637 1207 ejusdem
678 1143 896 1195 Valeriani
934 1144 1122 1209 Augusti
1159 1139 1213 1190 ad

316 1210 545 1261 Mulvium
613 1213 888 1262 Gallicanum
958 1209 1212 1277 praefectum

313 1287 533 1347 praetorio)
567 1302 703 1330 aureos
724 1285 1017 1331 Antoninianos
1042 1294 1210 1337 centum,

313 1366 516 1418 argenteos
538 1354 795 1400 Aurelianeos
821 1352 938 1407 mille,
975 1369 1089 1398 cereos
1117 1350 1211 1397 Phi-

313 1420 451 1485 lippeos
486 1422 614 1469 decem
649 1423 782 1470 millia.
855 1418 921 1468 Illi
954 1423 1085 1476 aurei,
1122 1418 1214 1468 alii-

314 1506 401 1556 que
428 1494 633 1538 omnium
646 1490 781 1539 ferme
803 1495 1122 1556 Imperatorum
1149 1486 1213 1536 us-

314 1575 401 1624 que
426 1555 480 1604 ad
494 1562 706 1622 Principes
723 1556 987 1604 Christianos
1014 1554 1211 1603 didrach-

316 1622 462 1681 males,
499 1642 626 1691 puto,
661 1624 852 1680 fuerunt,
889 1623 975 1672 hoc
1018 1624 1090 1681 est,
1125 1621 1210 1670 fin-

314 1690 406 1759 guli
430 1695 678 1741 nostrorum
709 1694 917 1740 binorum
944 1688 1207 1747 Solatorum,

316 1758 383 1808 vel
407 1765 521 1808 aurei
560 1765 726 1829 gemini
756 1758 977 1808 Castiliani
1006 1756 1211 1825 (duplum

315 1828 564 1879 Pistoletum
604 1829 758 1898 vulgus
796 1825 996 1895 appellat)
1038 1826 1211 1895 pondus

318 1908 360 1946 δε
400 1916 736 1966 temperaturam
782 1897 1035 1947 habuerunt.
1127 1900 1210 1944 Eos

315 1971 441 2036 quini
464 1973 606 2016 viceni
640 1965 846 2016 minutuli
881 1969 1067 2035 argentei
1111 1964 1211 2015 Phi-

314 2035 462 2104 lippei,
508 2035 577 2085 vel
618 2035 877 2092 Aurelianei,
927 2039 1213 2102 proportione

313 2102 730 2173 stsquiduodecupla,
765 2123 813 2153 ut
851 2121 1039 2171 apparet,
1071 2123 1213 2173 aequa-

316 2191 500 2221 verunt:
536 2174 581 2223 hi
604 2173 816 2243 siquidem
845 2172 961 2221 fuere
990 2172 1213 2222 drachma-

316 2240 389 2298 les,
424 2240 472 2293 id
506 2245 579 2300 est,
627 2248 760 2292 aureis
803 2239 990 2291 dimidio
1020 2239 1211 2300 leviores,

316 2309 386 2359 vel
442 2330 676 2380 granorum
715 2319 1023 2362 Romanorum
1065 2329 1210 2360 LXIII.

318 2384 396 2448 qui
418 2381 477 2428 est
506 2379 662 2429 modus
686 2380 897 2429 drachmae
934 2382 1101 2440 Atticae,
1132 2399 1214 2429 no-

317 2452 389 2496 stri
431 2454 544 2498 aurei
583 2448 727 2506 Solati,
766 2447 986 2497 Castiliani
1026 2448 1214 2498 Pistoleti

319 2516 477 2584 fimpli,
516 2527 560 2566 ὃς
588 2516 757 2586 Regalis
783 2515 1004 2583 Hispanici
1028 2515 1112 2565 sive
1128 2523 1214 2566 Ca-

320 2585 494 2643 stiliani‚
533 2585 611 2634 nisi
655 2584 777 2656 quod
810 2585 880 2635 hic
927 2590 1071 2633 minus
1123 2604 1215 2635 uno

321 2654 503 2721 granulo
528 2655 746 2722 appendit.
819 2659 960 2703 Graeci
995 2653 1215 2722 ot'gyv'fflot

320 2722 459 2777 λεπῖοἰ
496 2743 665 2782 vocant,
702 2743 841 2792 eoque
869 2721 1212 2781 7x27t‘lc3v,s1cut&

319 2791 535 2863 ἓῦκχμή,
583 2792 635 2840 ab
667 2791 880 2858 Hesychio
915 2791 1072 2841 dicitur
1115 2793 1216 2858 ἐξα,

587 81 1135 214 JO.RUA'LD1
1209 120 1880 182 ANIMADVERS.

1257 243 1503 315 κιχιλιοςδν
1535 243 1744 302 fandila,
1771 259 1869 310 pars
1886 247 2158 314 fixmillefima*

1257 314 1408 360 Talenti
1441 316 1578 360 Attici
1617 316 1744 360 unias.
1818 317 1886 361 Sic
1926 323 1970 362 &
2007 317 2153 373 λεγῇὃμ

1258 382 1363 453 saepe
1410 380 1508 435 α’ντὶ
1547 383 1784 450 δρριχμῆς,
1831 394 1876 434 &
1914 392 2152 450 minutum,

1259 471 1333 501 aut
1358 452 1647 512 minutulum,
1683 454 1751 503 vel
1791 454 2063 504 minutulum
2092 465 2161 507 ar-'

1260 540 1470 590 genteum
1509 541 1590 590 pro
1631 521 1806 572 denario
1843 523 2037 590 positum
2081 525 2156 575 sub

1261 597 1388 641 :etatis
1419 592 1571 642 mediae
1616 591 1912 660 principibus,
1960 592 2159 645 homines

1261 661 1414 710 eruditi
1448 666 1559 711 reete
1583 679 1721 727 nuper
1752 659 2042 710 ostenderunt.
2079 669 2160 711 AE-

1259 750 1344 778 reos
1367 732 1581 796 Philippeos
1616 747 1690 778 aut
1718 735 1805 778 aeris
1828 732 2007 779 denarios
2035 733 2160 801 quod

1259 803 1424 855 attinet,
1460 795 1590 846 video
1615 798 1693 846 effe
1733 804 1809 869 qui
1842 796 2033 867 singulos
2063 799 2160 850 illos

1261 871 1397 915 unciae
1436 865 1609 934 pondus
1641 866 1885 924 obtinuisse,
1929 885 2160 936 quaternos

1257 952 1462 1003 argenteo
1494 934 1717 984 minutulo
1732 972 1747 993 ,
1797 953 1998 987 centenos
2029 955 2162 989 aureo

1259 1004 1477 1053 antediffm
1543 1003 1799 1071 respondisse
1870 1005 2158 1056 contendunt.

1260 1071 1398 1136 Qod
1426 1090 1475 1120 ut
1497 1091 1653 1122 verum
1676 1072 1826 1142 aliquo
1856 1089 2053 1141 tempore
2093 1075 2162 1126 fu-

1259 1142 1329 1189 iffe
1355 1139 1463 1190 nihil
1504 1141 1674 1199 dubito,
1727 1140 1784 1190 fic
1829 1139 2160 1213 hautquaquam

1260 1208 1471 1260 servatum
1510 1209 1673 1278 semper
1714 1209 1806 1268 effe,
1859 1210 2044 1277 planum
2083 1212 2161 1264 ha-

1261 1281 1359 1337 be0,
1396 1277 1465 1329 vel
1498 1299 1549 1327 ex
1591 1298 1746 1330 eorum
1783 1278 2048 1348 inspecfi'tione
2081 1288 2161 1352 qui

1260 1348 1400 1399 adhuc
1437 1347 1618 1418 plurimi
1657 1369 1711 1398 ex
1744 1368 1824 1399 aere
1868 1349 2032 1399 denarii
2077 1357 2160 1400 cir-

1260 1417 1576 1476 cumferuntur,
1615 1428 1660 1469 &
1683 1437 1790 1468 mox
1813 1418 2000 1486 exempli
2021 1437 2161 1489 appo-

1261 1487 1414 1537 sitione
1453 1487 1620 1537 clarum
1647 1485 1773 1536 facio.
1845 1491 1930 1534 Eos
1968 1488 2158 1538 obstrva-

1261 1573 1330 1603 tur
1355 1556 1493 1602 dietos
1515 1553 1764 1622 aliquandO,
1779 1555 1956 1602 denarios
1977 1559 2159 1614 ἁπλῶς,

1258 1622 1481 1670 interdum
1508 1641 1622 1668 aereos
1650 1619 1717 1669 vel
1742 1639 1835 1675 aera,
1861 1622 1998 1686 folles,
2025 1622 2161 1689 follae-

1258 1691 1376 1747 rales,
1400 1689 1600 1755 fistertios
1623 1687 1690 1737 vel
1705 1687 1905 1753 sestertios
1929 1694 2017 1738 aeris
2030 1712 2043 1738 :
2061 1697 2160 1761 qui-
2214 1718 2218 1721 -
2262 1690 2263 1694 ¹

1260 1758 1338 1806 bus
1384 1767 1428 1806 &
1475 1755 1562 1806 aliis
1606 1754 1920 1821 ejusdemmodi
1965 1763 2159 1822 vocibus,

1260 1824 1383 1875 nullo
1417 1825 1504 1874 fere
1540 1823 1796 1883 discrimine,
1831 1830 2025 1877 auetores
2063 1835 2159 1879 citi-

1259 1913 1344 1944 mae
1391 1897 1608 1945 vetustatis
1666 1895 1915 1945 abutuntur.
2006 1902 2160 1968 Itaque

1262 1975 1302 2018 S.
1327 1969 1583 2020 Ambrofius
1623 1965 1703 2020 δύο
1729 1965 1947 2035 ἓίωσίξια,
1985 1969 2039 2020 de
2062 1977 2159 2042 qui*

1261 2040 1339 2089 bus
1369 2045 1537 2089 mentio
1557 2039 1672 2109 apud
1689 2045 1853 2088 Lucam
1879 2059 1971 2107 cap.
1993 2060 2033 2088 x.
2054 2042 2156 2091 vers

1271 2130 1285 2170 3
1305 2129 1346 2169 5.
1384 2128 1461 2156 aera
1495 2110 1570 2157 dno
1604 2114 1752 2158 Latine
1776 2106 1930 2173 paffim
1955 2106 2152 2160 reddidit.

1264 2176 1483 2226 Exhortat.
1527 2178 1581 2227 ad
1633 2181 1831 2244 Virgines
1881 2174 1956 2223 sub
1995 2176 2154 2228 finem:

1262 2248 1338 2293 Ad
1364 2246 1525 2294 hominis
1540 2249 1760 2313 sanitatem
1786 2246 1849 2292 ille
1883 2252 2158 2296 Samaritanus

1263 2316 1337 2362 duo
1359 2335 1437 2362 aera
1452 2315 1672 2378 stabulario
1700 2315 1820 2369 dedit,
1860 2314 1998 2379 quibus
2023 2317 2156 2364 ulcera

1262 2397 1422 2432 curaret
1451 2385 1557 2431 illias
1603 2403 1629 2430 a
1670 2382 1885 2431 latronibus
1938 2384 2154 2434 vulnerati.

1264 2449 1453 2517 Epistola
1487 2469 1668 2501 LXXVI.
1710 2451 1764 2499 ad
1802 2450 2031 2501 Studium:
2077 2456 2156 2518 Ista

1251 2524 1353 2587 sunt
1373 2521 1447 2567 duo
1471 2540 1562 2577 aera,
1603 2541 1686 2588 quae
1712 2525 1985 2568 Samaritanus
2013 2522 2078 2569 ille
2100 2530 2155 2570 E-

1263 2590 1493 2655 vangelicus
1519 2591 1575 2637 ad
1597 2595 1680 2655 ejas
1695 2590 1871 2637 curanda
1891 2591 2074 2646 vulnera,
2089 2596 2157 2656 qui

1262 2659 1403 2704 incidit
1437 2661 1478 2704 in
1522 2660 1710 2716 latrones,
1747 2658 1967 2721 stabulario
2018 2660 2155 2706 dereli-

1263 2730 1361 2792 quit.
1433 2723 1516 2774 Sed
1546 2732 1592 2775 in
1629 2727 1713 2776 hoc
1746 2724 1902 2783 fallere,
1937 2742 2065 2794 atque
2099 2726 2154 2774 ab

1265 2793 1523 2862 Evangelica
1569 2796 1767 2846 sententia
1801 2798 1915 2844 abire
1955 2794 2156 2844 nonnihil

2093 2883 2156 2912 vr—
