2350 3192
475 125 613 182 IN
704 120 1752 183 PLUTARCHUM.'

176 256 336 287 norum
361 241 615 298 nostratum,
652 240 717 290 vel
743 239 957 288 mensium
983 241 1062 289 clu-

171 305 617 376 odequinquagenum
662 308 970 363 absolutorum,
1014 308 1060 356 id

173 375 296 441 quod
335 376 600 424 mediocriter
639 374 757 422 doen
780 372 943 422 sciunt:
979 381 1059 443 igi-

176 457 245 490 tur
267 461 401 491 annos
436 442 605 491 eosdem
630 443 793 490 nostros
813 440 944 500 senos,
967 462 1055 503 aut,

174 508 206 556 si
234 515 309 567 vis,
335 509 525 576 septenos
553 520 598 558 ἃς
617 515 813 566 tricenos,
849 529 960 579 quot
983 533 1058 562 an-

173 594 331 626 norum
377 581 432 624 T.
465 582 621 633 Livius,
668 576 899 641 Dionyfius
932 581 1056 629 Hali-

170 643 441 702 asumensis,
453 645 593 693 noster
615 642 887 705 Chaeroneus,
903 651 1055 696 Histo-

170 716 243 759 rici
266 709 336 759 alii
359 710 495 759 ferme
522 712 716 770 universi,
742 732 926 782 regnum
960 721 1054 766 Ro-

169 778 275 826 muli
289 779 406 828 fuisse
421 780 625 846 produnt.
664 785 726 829 At
749 784 814 831 isti
834 789 936 832 anni
962 789 1054 834 Ro-

165 844 299 894 mulei
324 846 355 894 fi
386 848 648 898 decimestres
665 868 840 899 tantum
866 851 1050 911 fuissent,

167 912 318 963 addere
341 918 587 983 oportuisset
653 935 850 968 uaternos
881 929 926 968 &
963 919 1052 988 βερ-

169 997 372 1050 tuagenos
404 986 575 1044 mensts,
611 939 718 1035 ἕως
743 1005 872 1055 patet,
906 989 950 1038 id
976 991 1049 1047 est,

164 1049 261 1115 plus
301 1056 390 1100 inte
422 1071 470 1101 ro
505 1053 737 1121 septenniO,
775 1074 823 1104 ut
848 1056 950 1124 ipsits
976 1075 1047 1106 tx.

165 1072 449 1186 Olympiacfes
476 1127 522 1171 in
558 1121 788 1172 illiusmodi
818 1143 954 1173 annos
980 1125 1052 1174 de-

163 1189 374 1237 cimestres
399 1189 662 1240 resolverent.
689 1191 771 1239 Sed
796 1194 856 1241 est
882 1194 1051 1261 respon-

164 1252 226 1302 sio
271 1261 316 1304 in
358 1275 587 1326 promptu:
643 1263 853 1310 AuCtores
898 1260 1051 1312 scilicet

160 1325 341 1387 potuiffif
365 1325 460 1380 καθ’
489 1329 767 1395 duanae-puin,
803 1328 888 1379 five
904 1346 977 1395 per
998 1351 1049 1378 ιτ-

157 1395 390 1454 quationem,
425 1400 576 1459 prioris
610 1403 688 1446 aevi
725 1395 939 1446 calculum
985 1417 1049 1447 ra-

157 1459 347 1506 tionibus
388 1467 519 1509 aetatis
572 1464 651 1512 suae
701 1466 1046 1524 accommodare,

157 1520 243 1571 hoc
269 1527 344 1586 est,
381 1544 432 1574 ex
467 1526 660 1593 pluribus
701 1536 821 1577 annis
860 1531 1048 1579 decime-

159 1590 312 1639 stribus
335 1591 420 1640 five
443 1596 666 1644 Romuleis
690 1597 851 1646 efficere
871 1604 1048 1663 paucio·

162 1677 240 1715 τες,
274 1677 432 1726 nempe
459 1678 549 1710 vn.
582 1672 625 1712 &
648 1680 781 1710 xxx.
812 1663 978 1722 solidos,
1001 1676 1045 1714 &

158 1725 412 1777 duodenum
438 1728 654 1778 mensium
683 1729 900 1799 fingulos;
935 1752 1047 1802 quot

156 1794 307 1844 scilicet
343 1815 367 1843 a
400 1802 548 1863 primis
587 1800 716 1848 Urbis
753 1798 950 1849 Palilibus
988 1800 1043 1851 ad

156 1862 339 1911 Romuli
389 1871 552 1914 exitum
601 1885 880 1918 numerantur
905 1891 914 1916 ε
973 1888 1047 1919 aut

151 1927 237 1978 hoc
268 1932 409 1997 ipsum
448 1934 581 1983 facere
616 1940 820 1985 Numam
848 1938 1043 2003 potuisse,

153 1998 332 2066 quando
361 2002 483 2050 binos
509 2003 669 2053 menses
695 2004 872 2062 addidit,
903 2015 946 2054 &
976 2025 1045 2055 ca-

154 2083 264 2124 vere,
303 2086 350 2116 ut
372 2067 429 2118 sic
463 2069 659 2138 deinceps
682 2078 785 2122 anni
809 2073 943 2122 Urbis
961 2093 1042 2141 pu-

151 2151 350 2185 tarentur.
422 2143 546 2187 Nam
572 2146 690 2199 anni,
717 2161 827 2210 quos
850 2149 1043 2211 regnavit

153 2203 366 2254 Romulus
393 2203 583 2273 stptenos
625 2218 669 2256 &
703 2216 898 2268 tricenos,
933 2210 1043 2259 duo-

153 2269 415 2320 decimestres
455 2273 570 2325 haud
608 2276 736 2327 dubie
768 2278 955 2336 fuerunt,
993 2298 1043 2328 ut

153 2356 202 2386 ex
230 2344 293 2397 iis,
329 2359 433 2409 quas
459 2343 596 2392 modo
621 2344 725 2404 dixi,
763 2348 1041 2415 Olympiadi-

152 2405 231 2455 bus
256 2410 532 2458 manifestum
563 2410 829 2481 relinquitur.
905 2421 1040 2485 Igitur

150 2492 285 2523 annos
322 2474 415 2525 suos
471 2479 766 2540 (decimestres)
845 2501 1039 2534 uaternos

150 2552 196 2590 &
255 2541 528 2612 uadragenos,
566 2567 706 2618 eoque
729 2568 832 2618 amp
853 2557 927 2611 'uS,
945 2558 1038 2605 Ro-

147 2628 227 2659 mu
247 2631 291 2660 us
319 2617 413 2662 Rex
438 2611 532 2664 fuit.

1925 147 1994 197 19

1180 312 1752 360 ANIMADVERSIO
1798 315 1921 362 VIII.

1107 444 1216 508 Jam'
1243 452 1395 514 Qirim'
1421 449 1533 515 fores
1545 449 1669 512 semel
1709 448 1758 493 ab
1799 448 1988 514 Augusto,

1167 516 1251 578 post
1275 523 1324 562 U.
1358 522 1397 563 C.
1440 517 1495 562 ad
1530 520 1687 581 Trajani
1724 529 1892 579 tempora
1931 531 1991 562 ter

1172 583 1370 630 duntaxat
1394 585 1545 649 clausas
1575 597 1713 632 temere
1740 584 1991 630 Plutarchum

1172 652 1375 715 credidiffe.
1407 656 1616 714 νθροΐίω·
1640 653 1684 697 id
1715 652 1903 698 acciderit
1913 652 1991 717 fidi

1173 719 1361 780 Augusto,
1399 724 1545 783 quoties
1582 723 1675 766 item
1712 734 1804 765 aute
1832 725 1892 775 &
1906 719 1991 784 P‘st

1172 785 1330 830 euudem
1349 790 1571 849 principem,
1611 806 1685 834 non
1708 791 1896 853 incuriose
1923 790 1990 834 de-

1172 858 1378 904 claratum.
1415 874 1519 904 x111.
1538 858 1645 920 Jam'
1670 855 1868 907 κλείω-ξων
1888 880 1991 907 meu-

1169 930 1225 972 tio
1258 929 1300 972 in
1322 930 1496 990 antiquis
1519 930 1716 973 memoriis.
1787 929 1991 993 Diffenfitm

1169 1012 1195 1039 a
1222 995 1361 1059 Ltpfio,
1395 998 1488 1041 item
1518 996 1579 1048 ὠ*
1604 1013 1629 1040 a
1655 994 1885 1059 Cosaubono.
1935 1003 1993 1042 U-

1167 1075 1271 1110 trum
1309 1064 1490 1132 nascente
1532 1063 1620 1109 Chri
1651 1082 1674 1108 o
1697 1063 1835 1126 Jonus
1861 1067 1992 1123 Gemiss

1170 1149 1241 1177 nus
1264 1129 1326 1194 stt
1365 1132 1506 1196 claſsis,
1543 1145 1590 1177 ut
1618 1144 1823 1177 narratum
1848 1133 1988 1196 Orofio.

1170 1203 1269 1263 Ejus
1292 1217 1406 1246 vana
1415 1202 1545 1263 pietas
1569 1201 1630 1253 ὠ
1655 1197 1860 1263 officiosum
1888 1218 1991 1246 men-

1165 1267 1330 1314 dacium.
1404 1267 1539 1313 Florus
1568 1267 1814 1333 reprehensus
1836 1285 1889 1314 cm
1921 1287 1993 1315 ex-

1167 1338 1338 1401 cusatus.
1413 1336 1593 1383 Vellicati
1623 1341 1774 1383 Camers
1791 1340 1852 1391 ὠ
1876 1338 1991 1384 Wne-

1168 1417 1245 1451 tus.
1312 1403 1467 1467 Janum
1491 1408 1607 1450 tertio
1631 1404 1803 1468 clausum
1830 1403 1879 1450 ab
1898 1408 1990 1451 Au-

1159 1472 1272 1536 gusto
1300 1490 1376 1519 non
1398 1473 1464 1518 diu
1486 1470 1650 1536 manfiffi’
1679 1471 1906 1537 obseratum,
1943 1486 1989 1520 ut

1153 1542 1348 1601 scriptum
1407 1538 1626 1601 Cafitubono
1672 1538 1755 1600 post
1804 1540 1986 1604 Orosium.

1165 1611 1356 1666 Qartum
1394 1605 1571 1651 claudere
1600 1602 1708 1667 Jani
1729 1618 1870 1670 portas
1896 1613 1988 1654 Au-

1158 1671 1311 1736 gustum
1335 1672 1508 1734 voluisse,
1545 1689 1616 1717 nec
1624 1675 1795 1737 potuiffe.
1867 1678 1989 1738 Orosii

1166 1742 1227 1793 ὠ·
1253 1740 1367 1785 Pauli
1391 1742 1554 1785 Diaconi
1574 1744 1730 1786 erratio.
1777 1746 1988 1808 §Quinquies

1163 1807 1294 1853 videri
1323 1805 1478 1869 Jauum
1526 1808 1696 1873 claufiem
1737 1826 1764 1852 a
1799 1814 1983 1858 Nerone:

1127 1883 1131 1886 '
1164 1878 1224 1929 &³
1247 1875 1348 1940 falli
1387 1879 1454 1939 qui
1494 1888 1649 1921 tantum
1666 1877 1791 1940 semel
1818 1892 1980 1942 putant.

1162 1943 1330 2009 Vulgata
1343 1944 1547 2007 scriptura
1581 1947 1624 1990 in
1652 1949 1832 1991 Suetonio
1855 1960 1985 1994 reten*

1160 2024 1206 2056 ta
1245 2025 1384 2058 contra
1422 2011 1588 2076 Lipfium
1629 2016 1690 2067 &
1732 2017 1979 2062 Tor-rentium.

1161 2081 1310 2143 Duplex
1332 2080 1525 2126 Semitas.
1595 2087 1739 2128 Annus
1772 2083 1984 2146 tricefimus

1158 2147 1328 2195 attavus
1350 2152 1504 2194 initium
1530 2148 1758 2196 Seneh'lutis.
1825 2152 1982 2215 Suspec-

1159 2229 1223 2264 tus
1260 2217 1386 2263 mendi
1413 2216 1544 2264 VAEhr
1565 2219 1764 2265 Aurelius.
1835 2219 1980 2265 Adhuc

1160 2285 1325 2348 manstffe
1349 2286 1658 2349 consuetudinem
1676 2284 1782 2349 Jani
1797 2285 1980 2332 clauden-

1157 2354 1198 2400 di
1209 2353 1288 2418 sub
1302 2357 1439 2417 primis
1469 2353 1690 2417 Christianis
1712 2359 1826 2416 Impp.
1845 2353 1976 2415 Cauffiz

1156 2421 1315 2468 errandi
1328 2424 1448 2487 fhper
1472 2420 1578 2485 Jani
1598 2423 1724 2486 portis
1747 2419 1970 2466 Plutarcho.

1156 2490 1319 2538 Velleius
1358 2492 1419 2544 ἄν
1442 2493 1606 2543 Livius,
1653 2506 1705 2534 an
1729 2491 1790 2542 &³
1814 2487 1885 2551 tpfi
1911 2505 1974 2534 er-

1153 2559 1325 2606 rarunt?
1357 2564 1518 2604 Errores
1531 2556 1655 2621 semel
1674 2553 1831 2616 admiſji,
1867 2555 1973 2601 dein-

1154 2644 1241 2692 ceps
1266 2626 1370 2673 nullo
1398 2628 1569 2671 examine
1593 2626 1738 2669 retenti
1756 2641 1783 2669 a
1799 2625 1971 2689 scripto-

1151 2697 1270 2743 ribus.
1341 2691 1474 2740 Herba
1499 2694 1718 2758 Eryngium.

1220 2834 1253 2877 L
1270 2825 1318 2895 l}
1353 2847 1378 2873 2
1917 2832 1970 2876 In
