2350 3192
515 128 676 192 DE
759 125 1660 192 PLUTARCHO.

169 280 230 318 ro
267 276 512 335 tempore
552 271 641 311 aut
677 256 936 331 Principe,
985 253 1243 330 quibusve
1284 253 1466 318 causis,
1517 276 1629 312 non
1670 254 1785 312 satis
1811 257 1998 331 liquet.

171 353 318 408 AEtas
361 369 471 405 non
501 345 684 402 abnuit
727 363 790 400 ut
833 344 927 402 sub
960 344 1301 421 Vespasiano:
1350 347 1527 421 potuit
1557 358 1610 408 ὃς
1639 345 1734 403 sub
1760 347 1996 410 Vitellio,

172 442 256 498 vel
283 441 526 499 Othone,
581 436 666 491 vel
709 434 909 499 Galba3
962 455 1135 510 neque
1160 435 1288 491 libet
1320 435 1550 492 definire.
1649 435 1788 492 Illud
1813 440 1998 512 magi3‚

177 550 349 606 neque
383 531 533 583 citius
576 528 814 583 Romam
853 525 1209 585 inhabitaviffe
1247 546 1412 602 quam
1449 545 1688 601 regnaret
1738 525 2003 602 Vespasia-

178 641 294 684 nus,
341 616 601 695 fiquidem
636 634 878 673 extremo
918 619 1155 674 Neronis
1200 617 1497 694 principatu
1529 618 1703 674 adhuc
1730 617 1919 691 agebat
1946 621 2001 673 in

179 712 407 768 Graecia:
457 728 627 783 neque
679 705 833 763 serius
877 727 1039 782 quam
1079 710 1214 764 Tito
1255 712 1576 784 imperante,
1625 707 1780 784 quod
1819 707 2003 764 Arule-

180 820 312 857 num
349 800 632 856 Rusticum
659 801 796 854 inter
840 798 1104 855 auditores
1146 802 1345 855 Romae
1387 798 1650 862 habuerit,
1698 801 1847 873 quia
1895 801 2007 854 Do·

180 894 399 949 mitiano
445 892 556 947 Titi
598 887 884 945 successore
923 888 992 945 de
1030 888 1212 946 medio
1250 888 1482 946 sublatus
1520 889 1612 946 est.
1707 890 1790 944 Eo
1828 888 2008 945 relicta

182 985 341 1058 patria
380 984 613 1048 primum
652 978 941 1057 migravisse
996 980 1147 1036 Soffii
1193 981 1495 1037 Senecionis
1547 980 1764 1035 hortatu
1820 978 2009 1055 proba-

185 1070 287 1126 bile
322 1069 548 1133 videtur,
608 1074 704 1127 viri
742 1091 768 1127 a
810 1071 1098 1127 Plutarcho
1152 1070 1360 1127 summa
1410 1075 1464 1127 in
1516 1070 1871 1127 aestimatione
1925 1069 2012 1125 ha-

185 1160 316 1222 biti,
381 1170 435 1220 &
479 1165 656 1232 magni
709 1160 851 1235 apud
917 1164 1200 1218 Romanos
1267 1165 1499 1218 nominis
1557 1171 1613 1222 δε
1666 1160 2010 1217 ευόὶοῑίῑεῑῑίς.

188 1251 291 1306 Vel
318 1247 485 1303 forsan
518 1268 576 1301 ea
607 1246 695 1323 spe
723 1252 960 1304 Romam
991 1250 1263 1325 profe&us
1290 1253 1396 1314 est,
1458 1269 1519 1306 ut
1562 1255 1616 1306 in
1659 1270 1718 1306 ea
1758 1269 2017 1306 terrarum

187 1358 321 1402 arce,
367 1338 676 1413 imperiique
704 1355 762 1390 ac
789 1340 965 1391 omnis
997 1337 1263 1411 dignitatis
1317 1340 1593 1395 domicilio
1631 1338 2020 1396 nancisceretur

185 1428 383 1486 affatim
423 1426 726 1498 adjumenta
764 1429 991 1482 maxima
1032 1430 1090 1482 iis
1115 1425 1345 1504 denique
1374 1427 1722 1484 contexendis
1749 1429 2019 1505 operibus,

187 1541 308 1596 quae
349 1521 526 1575 animo
566 1516 661 1573 suo
700 1516 1071 1582 moliebatur,
1113 1538 1344 1594 quaeque
1395 1522 1449 1574 in
1506 1521 1708 1595 magnis
1759 1518 2020 1576 duntaxat

103 1652 105 1658 .
189 1609 408 1667 urbibus
448 1607 742 1665 commode
784 1607 891 1663 fieri
929 1607 1074 1685 poffe
1113 1608 1217 1685 ipse
1256 1609 1420 1666 docet
1461 1613 1612 1665 initio
1652 1613 1777 1666 vitae
1823 1613 2021 1667 Demo-

190 1701 397 1757 sthenis.
457 1699 539 1754 lbi
569 1719 680 1755 non
726 1701 904 1775 potuit
945 1698 1035 1756 diu
1075 1700 1235 1756 latere
1273 1699 1535 1757 adventus
1577 1701 1688 1772 ejus
1726 1700 1869 1776 apud
1906 1703 2021 1777 plu-

189 1794 353 1846 rimos
394 1792 534 1845 viros
574 1793 777 1848 Graecae
805 1789 1066 1848 docstrinae
1095 1801 1149 1851 δε
1180 1789 1520 1868 philosophiae
1552 1789 1840 1847 studiosos:
1870 1794 2022 1866 quin-

188 1885 349 1937 etiam
378 1897 706 1951 tantus-eum
731 1879 799 1936 de
824 1880 979 1937 rebus
1009 1880 1385 1957 philosophicis
1419 1880 1753 1937 disserentem
1780 1880 2021 1956 frequen-

191 1975 321 2027 tavit
359 1972 643 2026 hominum
683 1968 988 2033 concursus,
1037 1987 1100 2026 ut
1127 1973 1215 2026 vix
1255 1973 1333 2026 alii
1377 1974 1448 2026 rei
1489 1990 1670 2026 vacare
1723 1971 2021 2028 commode

190 2061 383 2138 posset:
431 2060 570 2137 apud
610 2080 747 2136 quos
773 2059 1131 2136 proculdubio
1173 2061 1398 2117 Moralia
1452 2061 1545 2117 ista
1597 2060 1784 2137 scripta
1817 2081 2018 2138 magno

190 2172 315 2208 cum
342 2150 514 2228 plausu
549 2169 678 2207 tunc
715 2150 1087 2214 recitabantur,
1137 2171 1257 2227 quse
1297 2172 1396 2208 nos
1439 2150 1612 2208 adhuc
1656 2171 1765 2208 non
1822 2156 2017 2209 minori

192 2261 316 2297 cum
354 2243 628 2318 voluptate
658 2243 895 2317 legimus.
991 2243 1176 2317 Atque
1216 2243 1350 2306 haee,
1399 2261 1596 2318 quanta
1625 2262 1898 2319 quamque
1933 2262 2016 2299 va-

190 2333 257 2384 ria
282 2331 591 2396 eruditione,
639 2352 802 2407 quam
842 2331 1009 2388 libero
1049 2331 1404 2408 candidoque,
1454 2354 1617 2408 quam
1650 2333 1869 2389 viciffim
1906 2352 2015 2407 gra-

193 2423 244 2474 vi
287 2439 344 2474 ac
382 2423 563 2478 limato
598 2421 824 2493 judicio,
883 2433 938 2484 δε
979 2442 1082 2499 qua
1122 2427 1431 2499 cognitione
1467 2423 1836 2499 Philosophiae,
1898 2443 2011 2478 non

194 2509 497 2585 Sophisticae
523 2513 670 2577 illius,
723 2511 810 2568 sed
847 2511 915 2569 ad
956 2517 1123 2569 vitam
1165 2532 1485 2591 comparatae
1524 2513 1814 2570 instructus
1853 2512 2009 2569 fuerit

190 2599 514 2663 Plutarchus,
562 2601 770 2659 abunde
814 2604 1087 2668 testantur,
1136 2624 1254 2680 quae
1282 2604 1559 2680 complura
1601 2621 1811 2660 aetatem
1841 2602 2007 2659 tuliffe

192 2692 243 2744 in
272 2706 420 2747 tanto
452 2690 726 2748 bonorum
767 2693 1077 2753 Authorum
1108 2692 1375 2772 naufragio
1408 2693 1632 2751 arbitror
1667 2693 1871 2753 multos
1898 2713 2005 2750 me-

1876 2804 2004 2840 cum
