2350 3192
643 126 1619 194 LECTORI.

207 257 348 322 legere
374 255 433 307 Εζο)9
466 254 700 320 intelligere
718 251 895 319 poffi'nt.
923 249 1063 317 ,Quin
1095 247 1307 297 laudandi
1325 248 1470 316 potius
1499 248 1576 314 qui
1605 249 1652 296 in
1682 267 1825 298 eorum
1850 253 2047 317 gratiam

207 334 401 382 lahorem
428 332 549 396 istum
566 329 822 397 fiiscipiunt.
871 326 964 377 Sed
985 327 1226 375 cavendum
1241 326 1403 392 sedulo,
1451 343 1505 374 ne
1532 325 1743 391 Juvenes,
1775 328 1867 394 post
1891 342 1953 376 tot
1971 349 2051 378 an-

208 432 279 461 nos
312 413 355 460 in
388 410 547 461 Scholis
585 408 921 474 Academiisque
958 407 1143 467 exustos,
1172 407 1390 472 segniores
1420 404 1556 470 fabii,
1594 406 1934 473 veifionibusque
1969 409 2051 456 illis

210 487 405 548 contenti,
445 506 474 534 a
498 486 764 554 Scriptorum
793 485 982 552 ipsorum
1010 483 1300 548 Originalium
1335 482 1511 530 lettione
1533 482 1775 545 abstineant
1790 501 1804 529 .·
1841 484 1969 548 quod,
2006 486 2051 532 in

213 566 372 616 Graecis
387 565 653 633 praesertim,
689 563 864 613 admitti
899 581 928 611 a
955 563 1081 612 nimis
1109 562 1252 611 multis
1278 562 1448 625 constat.

276 643 379 694 Non
412 642 487 690 abs
510 661 559 692 re
593 644 678 691 erit
705 643 857 709 itaque
888 643 959 692 hic
985 643 1160 712 paucis,
1195 643 1294 710 „Qui
1308 642 1486 707 facium
1502 642 1576 704 sit,
1614 643 1856 709 inquirere,
1881 658 1929 690 ut
1956 662 2053 693 cum

210 723 334 772 tertio
365 722 421 771 ab
444 723 518 771 hoc
535 723 678 783 seculo
700 736 761 770 tot
787 741 870 770 nou
898 722 1018 772 modo
1046 721 1165 778 Viri,
1191 722 1281 781 sed
1298 722 1359 773 &⁹
1388 721 1592 770 Foeminae
1616 722 1835 788 principes
1871 722 1931 773 &²
1960 723 2056 771 illu-

202 799 325 861 stres,
351 800 539 864 fuerint,
589 818 685 866 quae
725 800 882 848 Graeca
923 805 982 855 ὠ·
1021 799 1308 865 intelligerent
1339 799 1477 866 probe
1508 799 1567 850 &⁹
1593 799 1804 848 nocizirna
1830 804 2055 859 veistirent

211 898 362 940 manu,
383 883 603 938 versarent
624 879 814 938 diurna3
841 896 948 927 nunc
977 892 1073 926 tam
1092 878 1231 945 pauci
1254 878 1366 925 inter
1380 877 1518 926 defles
1540 878 1646 946 ipsos
1671 878 1950 945 reperiantur
1974 883 2053 946 ‘qni

215 958 380 1006 Graecos
391 958 534 1022 fontes
560 956 748 1020 adeant,
777 957 854 1019 55³,
877 955 1013 1024 „Quid
1034 955 1072 1005 ei
1093 957 1207 1004 malo
1231 956 1395 1004 mederi
1411 956 1554 1023 poſjit‚
1584 956 1923 1024 circumspicere.

281 1037 440 1095 Causas
464 1037 569 1085 mali
593 1039 715 1101 hujus
744 1037 845 1084 Tres
867 1036 1117 1105 praecipuas
1138 1035 1306 1085 invenio
1327 1062 1338 1096 ς
1367 1055 1474 1103 quas
1496 1035 1689 1084 indicare
1702 1036 1770 1084 hic
1780 1035 1986 1101 sufficiet,
2002 1056 2057 1087 ne

215 1113 375 1178 longius
399 1115 711 1181 progrediatur
728 1116 875 1163 oratio.

283 1195 316 1237 Ι.
353 1191 630 1250 Lexicorum,
669 1209 850 1256 quorum
879 1206 956 1259 ope
984 1192 1244 1250 addiscenda
1277 1192 1449 1258 Lingua
1476 1193 1634 1240 Graeca
1661 1192 1732 1256 est,
1771 1193 1956 1253 absurda
1981 1210 2059 1240 ra-

214 1267 272 1315 tio
302 1287 329 1315 a
355 1267 574 1335 Stephano
601 1267 803 1327 invec‘Za5
841 1269 886 1314 in
911 1269 1064 1332 quibus
1101 1269 1166 1316 ad
1186 1270 1418 1330 Themata‚
1459 1273 1541 1328 seu
1568 1270 1772 1331 Radices,
1808 1273 2060 1334 referuntur

216 1344 488 1411 inquirendae
511 1361 628 1392 voces
643 1370 655 1404 3
671 1345 828 1411 prima
858 1344 980 1407 hujus
1002 1343 1111 1391 mali
1136 1347 1265 1409 causa
1294 1346 1403 1392 mihi
1423 1349 1600 1412 semper
1622 1346 1715 1403 visa
1738 1347 1793 1409 est
1806 1368 1815 1395 ;
1829 1367 1925 1396 cum
1950 1349 2061 1396 dan-

216 1422 275 1470 da
301 1422 443 1487 fuerit
465 1437 611 1490 opera,
646 1436 694 1470 ut
716 1421 890 1486 statim,
919 1422 1067 1470 ordine
1083 1425 1162 1482 fiio
1194 1421 1464 1491 alphabetico
1489 1425 1647 1491 posita,
1684 1441 1766 1472 vox
1795 1426 1971 1490 quaesita
1995 1427 2062 1474 in-

216 1501 359 1549 veniri
384 1502 536 1570 poſjet.
610 1500 668 1549 Ut
702 1501 819 1550 enim
851 1500 1085 1564 molestiam
1111 1501 1308 1549 inutilem
1338 1502 1530 1563 mittam,
1570 1521 1706 1568 quam
1744 1503 1912 1553 invehit
1950 1504 2063 1554 The-

218 1579 347 1627 matis
366 1580 515 1646 primo
543 1579 750 1641 inventio,
784 1579 1019 1628 variarum
1049 1579 1206 1628 deinde
1226 1580 1301 1641 sub
1334 1580 1406 1628 illo
1435 1581 1641 1646 Claffi'um
1667 1583 1942 1649 peragratio,
1981 1603 2063 1632 an-

219 1670 396 1724 tequam
425 1658 490 1706 ad
507 1659 563 1706 id
579 1658 698 1725 quod
723 1658 841 1706 unice
870 1658 1080 1724 quaeritur
1093 1659 1324 1726 perveniri
1345 1659 1498 1727 pofflt3
1539 1660 1654 1726 quid
1674 1661 1897 1726 absurdius
1940 1680 2062 1712 exco-

214 1736 350 1801 gitari
369 1736 520 1804 potest,
557 1738 696 1803 quam'
719 1735 774 1783 ab
802 1736 1078 1802 adolescente,
1116 1737 1270 1802 linguae
1288 1742 1479 1805 prorsus,
1502 1739 1553 1805 fi
1575 1739 1827 1788 rudimenta
1849 1741 2059 1808 excipias,

221 1814 388 1879 ignaro,
425 1815 479 1863 id
480 1815 711 1880 flagitare,
751 1829 811 1874 ut,
837 1815 902 1863 ad
923 1815 1040 1882 quod
1060 1816 1227 1863 Thema
1256 1817 1486 1880 referenda
1511 1836 1595 1866 vox
1620 1819 1890 1883 quaequesit,
1906 1820 2064 1877 sciat?

221 1893 328 1942 Sunt
355 1895 572 1960 quaedam,
601 1895 767 1958 fateor,
804 1896 870 1941 ita
894 1908 1072 1961 apertae,
1109 1908 1155 1941 ut
1174 1896 1251 1942 vel
1279 1895 1554 1943 mediocriter
1586 1896 1632 1942 in
1671 1897 1832 1944 Graecis
1866 1901 2063 1964 versatus

223 1973 388 2020 haerere
423 1991 502 2020 non
537 1973 696 2040 poffit:
734 1985 782 2019 at
820 1991 899 2019 rur
918 1990 964 2018 us
995 1972 1136 2019 multae
1167 1975 1274 2031 sunt
1315 1992 1411 2038 quae
1443 1973 1518 2021 vel
1538 1972 1669 2022 dociis
1697 1974 1796 2041 ipsis
1822 1976 2062 2040 molestiam

225 2063 385 2100 creent.
437 2048 725 2098 Redeundum
753 2048 906 2114 itaque
917 2048 1012 2111 fuit
1044 2047 1110 2095 ad
1129 2061 1337 2109 veterem,
1374 2049 1450 2110 &2
1480 2063 1579 2098 ante
1602 2050 1892 2118 Stephanum,
1917 2070 2064 2123 recep-

225 2142 332 2190 tum,
372 2128 580 2176 Ordinem
611 2126 958 2195 alphabeticum,
999 2145 1130 2192 quem
1169 2127 1434 2191 Constantini
1461 2128 1653 2177 Lexicon
1688 2129 1898 2191 observat.
1940 2134 2067 2197 Cujus

229 2206 319 2254 ideo
350 2226 509 2255 novam
533 2206 782 2254 Editionem
813 2225 895 2253 non
921 2205 1004 2270 effe
1023 2218 1315 2272 procuratam
1348 2207 1498 2267 miror,
1546 2208 1853 2257 additamentis
1887 2210 2065 2278 locuple-

230 2296 370 2332 tatam
393 2304 486 2351 quae
509 2303 560 2333 ex
586 2285 800 2352 Stephani
827 2284 1041 2349 Thesauro
1072 2285 1256 2351 aliisque
1283 2304 1364 2333 non
1389 2286 1559 2350 difficili
1585 2288 1728 2336 labore
1762 2308 1790 2336 a
1814 2290 1962 2355 quovis
1982 2306 2063 2357 pe·

231 2362 268 2407 ti
297 2376 517 2428 poterant,
540 2362 588 2426 fi
621 2363 738 2411 nulla
762 2381 818 2411 ex
843 2363 1027 2431 privato
1061 2363 1407 2428 observationum
1429 2379 1550 2434 penu
1574 2366 1750 2432 accefflo
1780 2368 1823 2416 in
1851 2382 2062 2435 promptu

233 2440 344 2504 effet.

302 2521 355 2564 11.
395 2515 642 2566 Dolendum
666 2518 814 2574 etiam,
850 2518 971 2584 quod
983 2517 1155 2568 Lexica
1186 2519 1308 2568 nulla
1336 2533 1493 2581 extent,
1532 2537 1643 2586 quae,
1666 2520 1711 2567 in
1725 2520 1952 2583 juniorum
1966 2524 2063 2588 Jal-

236 2610 322 2643 tem
341 2593 554 2659 gratiam,
593 2596 759 2643 Graecas
781 2613 898 2644 voces
932 2598 1172 2646 vernaculis
1193 2597 1394 2655 reddant.
1458 2598 1704 2657 Absurdum
1731 2600 1844 2647 enim
1878 2600 1947 2664 est,
1987 2618 2065 2671 ope

242 2672 416 2722 Latinae
441 2669 619 2735 Lingua
645 2671 844 2720 Graecam
871 2673 926 2744 ab
948 2673 1001 2722 iis
1032 2674 1159 2736 edisci
1177 2702 1187 2734 3
1204 2689 1294 2724 tum
1321 2676 1425 2743 quia
1449 2675 1662 2724 Latinam
1686 2676 1719 2723 ii
1748 2676 1936 2728 nondum
1952 2682 2063 2737 stitis

1131 2768 1156 2799 a
1197 2771 1221 2797 2
1895 2770 2060 2817 norunt,
