2350 3192
743 132 1732 198 LECTORI.

387 251 500 301 Haec
519 252 672 320 itaque
695 253 887 303 omnibus
916 253 967 304 V
962 252 1218 302 oluminibus
1246 253 1491 302 communia
1523 253 1678 314 insunt.

386 328 542 379 Ultimo
568 350 670 380 vero
696 333 869 381 additus
895 333 967 396 cst,
1006 333 1143 381 Index
1169 332 1334 399 duplex
1362 346 1614 381 accuratus:
1649 333 1787 383 Prior
1825 352 1976 383 rerum
2007 337 2053 386 in
2088 353 2171 390 toto

320 406 460 474 Opere
496 410 864 472 memorabilium,
903 429 957 459 ex
984 409 1226 475 Parifienst
1259 410 1437 477 quidem
1467 410 1670 460 Editione
1701 413 1958 482 defiimptus,
1985 417 2076 475 sed
2092 437 2174 467 non

317 487 436 534 tenui
456 487 650 538 Editoris
674 490 819 538 labore
841 489 907 537 acl
925 490 1054 549 hanc,
1090 488 1281 537 numeris
1302 489 1497 551 mutatis,
1536 493 1904 543 accommodatus:
1943 495 2172 559 Posterior,

316 563 591 632 Scriptorum
613 586 642 614 a
667 568 908 618 Plutarcho
933 567 1227 617 laudatorum.

382 645 541 695 Primo
577 661 724 697 autem
755 649 909 711 Tomo,
952 648 1183 717 preemiſjfa
1222 646 1426 715 quaedam
1457 652 1563 709 sunt
1598 651 1676 698 toti
1707 651 1839 720 Operi
1876 650 2170 711 inservientia.

321 746 361 774 1.
396 724 716 796 Chronologia
746 732 1014 790 Daceriana,
1055 728 1112 776 ab
1137 727 1322 777 Editore
1351 727 1519 776 Latine
1540 732 1682 789 versit.
1738 748 1780 779 2.
1819 733 1889 778 De
1907 732 2185 796 Plutarcho,

313 819 367 849 ex
396 802 593 853 Fabricio
623 807 825 873 aliisque,
849 808 968 867 scitu
987 809 1148 874 digna,
1188 807 1518 875 Catalogusque
1539 810 1753 859 Vitarum
1790 809 1847 857 ab
1886 828 1932 858 eo
1961 813 2173 880 conscrip-

311 894 476 943 tarum,
514 903 544 931 a
566 884 794 954 Lampria
813 885 915 949 filio
952 887 1099 936 editus.
1175 905 1218 952 3„
1260 886 1499 935 Plutarchi
1525 884 1697 955 Elegia,
1737 907 1791 937 ex
1819 889 2036 938 veteribus
2048 906 2173 958 prae-

298 960 460 1015 sertim
487 979 723 1034 excerpta5
760 984 857 1032 quae
887 966 933 1013 in
974 965 1176 1014 Editione
1200 966 1444 1029 Paristenfi
1465 985 1549 1014 non
1578 980 1740 1016 extant.
1852 1020 1853 1023 ,

380 1038 496 1089 Haec
506 1045 630 1107 sunt,
670 1044 852 1104 candide
877 1044 1055 1106 Lec‘lor,
1095 1063 1191 1111 quae
1217 1045 1382 1111 tescire
1409 1045 1639 1106 intererat,
1676 1059 1723 1093 ut
1762 1046 1876 1112 quid
1895 1047 2187 1116 emolumenti

310 1116 474 1179 afferat
501 1121 591 1168 haec
619 1121 771 1171 Editio
792 1122 1021 1188 intelligas.
1071 1122 1192 1189 „Quae
1207 1123 1255 1190 fi
1275 1123 1417 1172 verbis
1444 1123 1627 1172 minime
1639 1125 1824 1185 fucatis,
1863 1124 1923 1183 &⁹
1949 1125 2026 1183 ita
2037 1125 2168 1182 nude,

309 1212 339 1240 a
378 1197 494 1245 nobis
526 1199 717 1267 exposita
741 1204 847 1266 sum
868 1227 881 1260 ς
920 1218 1021 1248 eam
1046 1200 1166 1259 scias
1183 1201 1320 1264 suff
1342 1201 1462 1248 Clar.
1497 1199 1672 1265 Bryani
1702 1202 1827 1249 mode
1858 1201 1966 1261 iam,
1981 1222 1985 1226 ·
1990 1203 2043 1266 st
2065 1201 2171 1252 Viri

307 1272 532 1339 ingenium
566 1295 620 1325 ex
643 1298 722 1326 uno
747 1292 824 1327 aut.
849 1278 984 1326 altero
1012 1277 1215 1344 colloquio
1236 1277 1296 1331 &⁴
1309 1277 1489 1343 scriptis
1509 1277 1669 1338 norim,
1709 1291 1757 1324 ut
1779 1279 1906 1328 haud
1920 1280 2050 1329 aliter
2078 1281 2169 1349 ipſse

309 1351 504 1404 diffi‘urus
524 1356 681 1419 fuerit.

375 1432 476 1481 Tuae
493 1448 648 1501 partes
677 1448 820 1491 erunt,⁴
845 1435 892 1497 si
919 1447 1099 1501 operam
1134 1432 1239 1481 bene
1268 1433 1526 1482 collocatam
1539 1435 1715 1497 senties,
1753 1437 2016 1485 memoriam
2058 1436 2111 1485 V
2104 1437 2167 1485 iri

312 1509 367 1558 cle
391 1523 434 1559 te
454 1511 561 1561 bene
590 1513 739 1562 meriti
767 1513 902 1561 colere
916 1539 928 1573 3
957 1511 1147 1578 fruique
1166 1511 1396 1562 laboribus.
1433 1512 1483 1562 Si
1508 1527 1653 1564 autem
1674 1533 1728 1563 ex
1756 1515 1993 1564 Plutarchi
2020 1514 2168 1564 lectio-

309 1605 364 1636 ne
392 1588 459 1636 ad
481 1589 705 1638 Virtutem
743 1589 1141 1656 Prudentiamque,
1180 1589 1292 1649 hisce
1325 1590 1513 1652 adjutus,
1539 1591 1804 1658 profeceris,
1843 1592 2058 1641 laboribus
2089 1593 2170 1640 hu-

291 1667 488 1729 jusmodi
501 1669 666 1732 faveas
690 1688 863 1736 aequum
894 1670 950 1734 est
966 1696 978 1730 3
1015 1679 1064 1717 'ut
1089 1668 1201 1717 bona
1234 1668 1411 1735 ingenia
1445 1668 1632 1717 alacrius
1665 1671 1732 1718 aa'
1757 1671 1934 1718 eximios
1973 1674 2166 1738 quosque

310 1747 488 1796 Veteres
523 1749 761 1817 Scriptores
794 1749 1098 1799 emaculandos
1134 1748 1194 1800 ἐφ’
1227 1748 1496 1813 illustrandos
1534 1750 1788 1812 excitentur,
1829 1769 1882 1798 ex
1905 1751 2057 1818 quibus
2083 1769 2167 1799 non

311 1828 466 1891 exigua
493 1827 716 1876 Bonarum
743 1829 932 1878 omnium
955 1829 1136 1877 Attium
1158 1828 1428 1877 incrementa
1441 1831 1631 1896 sperare
1654 1830 1808 1878 merito
1822 1830 2049 1897 poffi'mus.

382 1905 507 1953 Hinc
538 1920 654 1954 certe
683 1907 808 1954 miris
842 1906 992 1966 modis,
1031 1907 1238 1973 longeque
1272 1927 1410 1972 quam
1437 1926 1490 1955 ex
1523 1907 1724 1974 Historia
1756 1909 1922 1970 melius,
1960 1908 2168 1958 Virorum

296 1986 503 2050 suasere
531 1989 730 2052 cujusque
751 2000 878 2034 aetate
895 1985 1348 2054 pi‘aest'anttffi'morum
1375 1987 1555 2035 virtutes
1587 1987 1647 2038 &⁹
1678 1987 1792 2035 vitia
1820 1988 1974 2036 intime
1994 1988 2169 2054 perspi-

314 2062 482 2123 cienda,
510 2063 833 2130 aeternitatique
857 2083 886 2111 a
908 2063 1143 2112 Plutarcho
1171 2069 1439 2124 confi’crata,
1459 2063 1622 2111 intueri
1641 2064 1757 2111 nobis
1779 2064 1891 2113 licet.
1929 2064 2035 2126 Hic,
2060 2065 2175 2131 quid

314 2139 362 2188 in
387 2140 440 2188 iis
474 2141 755 2202 imitandum,
797 2143 910 2209 quial
937 2142 1179 2191 cavendum
1208 2142 1544 2208 fugiendumve,
1581 2143 1748 2209 optime,
1773 2146 2042 2211 summaque
2070 2163 2168 2192 cum

315 2221 537 2287 voluptate
566 2221 626 2273 ἔφ’
651 2222 856 2283 utilitate,
893 2221 1071 2283 videns,
1108 2221 1399 2283 immorando,
1436 2223 1663 2282 versando,
1701 2221 1761 2273 69⁹
1778 2223 1938 2290 faepius
1968 2238 2168 2291 repeten-

319 2298 386 2354 do,
427 2299 598 2363 efficere
617 2315 754 2368 potes,
793 2315 839 2348 ut
867 2300 927 2351 &⁹
951 2314 992 2349 te
1023 2301 1108 2368 ipste
1132 2301 1228 2361 tibi,
1269 2301 1470 2349 animum
1502 2300 1699 2366 regendo,
1739 2305 1962 2367 moresque
1996 2316 2085 2349 tuos
2110 2302 2176 2349 ad

322 2377 504 2426 eandem
532 2398 735 2428 normam
767 2380 1085 2442 conformando,
1123 2381 1182 2435 &³
1212 2381 1342 2449 Reip.
1374 2381 1524 2428 utilem
1543 2395 1631 2448 per
1663 2381 1831 2440 easdem
1871 2381 2169 2450 artes‘praebe-

323 2477 385 2519 as,
425 2476 530 2524 quas
567 2457 670 2509 Viri
699 2459 765 2507 illi
807 2460 978 2508 Patriae
1017 2461 1310 2527 amantffmi.
1339 2461 1635 2508 excoluerunt:
1673 2459 1969 2518 ambitionem,
2005 2462 2167 2518 luxum,

316 2538 451 2606 pestes
474 2538 666 2604 reliquas
684 2539 847 2604 fligias,
887 2557 982 2604 quae
1003 2539 1119 2600 alios,
1152 2541 1326 2605 Resque
1351 2558 1496 2588 eorum
1512 2539 1729 2607 publicas,
1747 2541 1920 2608 pessum
1945 2539 2170 2589 dederunt.

395 2618 576 2682 Poffunt
603 2618 777 2684 quidem
802 2619 890 2667 haec
911 2636 964 2666 ex
986 2619 1230 2689 vernaculis
1267 2619 1404 2667 etiam
1429 2619 1476 2669 V
1475 2619 1705 2683 ersionib'us
1740 2620 2010 2686 aliquatenus
2041 2618 2139 2686 peti
2153 2644 2167 2677 ς

328 2712 404 2743 nec
425 2695 706 2744 invidendum
727 2697 772 2746 in
785 2695 1026 2761 subficlium
1047 2696 1311 2747 indoctorum
1332 2697 1538 2761 ejusmodi
1558 2697 1798 2765 procurari
1815 2694 1871 2747 V
1861 2699 2038 2763 erstortes
2061 2714 2172 2761 quas

2029 2774 2169 2839 legere
