2350 3192
419 129 555 185 IN
650 122 1642 183 PLUTARCHUM.

130 263 195 295 cat
231 262 326 310 tyro
352 245 516 317 aliquis,
554 264 694 313 neque
735 244 841 291 dum
867 247 913 290 in
941 260 1013 289 ve-

130 332 272 361 terum
313 314 565 381 scriptorum
604 311 785 359 leffione
819 308 909 357 satis
943 329 1013 357 ex-

131 387 352 439 ercitatus,
389 401 492 450 quas
525 383 649 427 unius
691 377 868 444 legionis
912 377 1013 425 duci

131 450 320 516 paruisse,
335 449 418 497 hoc
435 450 507 504 est,
528 452 572 494 in
588 464 673 494 una
692 444 856 512 legione
878 442 1011 503 fuisse,

133 523 191 564 ait
204 516 482 565 nobilissimus
489 515 720 569 historicus,
737 531 884 559 nonne
893 511 1016 580 plene

135 583 204 632 illa
247 584 338 632 sena
368 583 498 630 millia
530 580 747 628 efficiunt?
796 585 1015 638 Omnino,

134 657 314 720 inquam
342 668 436 717 ego,
471 647 501 696 si
536 653 734 696 centuriae
785 665 1019 696 centenum

135 719 364 767 hominum
390 715 566 784 fingulae
592 715 776 765 fuerunt.
835 716 917 764 Sed
942 716 1021 764 du-

137 805 200 834 ces
220 785 424 833 ordinum
457 795 501 833 &
539 784 757 851 praefed‘tos
791 784 1021 851 manipulis

138 852 478 919 (manipulorum
506 854 615 901 binae
641 870 791 919 parteS,
814 873 911 921 quae
936 857 1024 900 Or—

136 920 254 968 dines
295 926 597 989 Centuriaeque
637 919 871 988 appellatae)
924 925 1024 975 ἑκα-

138 988 392 1059 τοιῗΙοίξχας,
430 998 675 1042 Centuriones
697 992 947 1057 Dionysius,
984 1014 1028 1043 a-

138 1060 272 1130 liique
297 1065 437 1109 Graeci
462 1071 506 1110 &
537 1065 674 1109 Latini
697 1080 839 1109 rerum
862 1068 1029 1113 Roma-

141 1152 295 1182 narum
333 1133 546 1201 scriptores
591 1152 749 1183 vocant
774 1136 834 1200 ἦ
860 1135 1030 1206 πῦλη-

145 1205 243 1270 alm,
281 1212 356 1276 qui
385 1226 487 1255 cum
519 1212 564 1255 in
600 1205 772 1275 singulis
799 1206 1031 1275 manipulis

146 1276 250 1331 bini,
289 1284 332 1322 ὃς
362 1280 404 1323 in
438 1294 610 1344 quaque
639 1274 806 1343 legione
840 1273 1034 1344 sexageni

145 1340 306 1407 semper
329 1343 501 1400 fuerint,
518 1361 565 1392 ut
594 1349 774 1392 Cincius
789 1342 906 1411 apud
931 1345 1035 1394 Gel-

145 1406 270 1465 lium,
309 1409 524 1473 Polybius,
560 1415 753 1470 Tacitus,
794 1422 838 1460 &
864 1412 935 1461 alii
957 1418 1035 1482 qui

145 1490 261 1524 non?
297 1477 497 1535 tradunt;
534 1497 613 1524 nec
641 1479 720 1545 ipsi
750 1481 962 1546 manipuli
990 1475 1034 1530 δὲ

147 1542 334 1610 legiones
382 1542 568 1593 eundem
623 1543 786 1611 semper
843 1546 1036 1594 militum

149 1632 384 1662 numerum
409 1616 636 1663 habuerint
656 1633 853 1683 :apparet
868 1617 1038 1669 ἑκατον-

149 1684 358 1752 ταξχίας,
382 1692 577 1736 centurias
602 1706 694 1736 non
721 1688 884 1757 semper
899 1708 1043 1738 cente-

152 1774 263 1803 num
280 1755 469 1803 militum
484 1754 662 1824 singulas
678 1756 810 1814 fuisse,
829 1777 907 1807 nec
932 1758 1040 1826 ipsos

153 1829 419 1872 centuriones
447 1842 626 1872 centum
649 1824 858 1875 militibus
879 1827 1041 1894 semper

153 1891 381 1957 praefuisse:
407 1891 474 1941 sed
500 1911 685 1952 tantum,
701 1896 879 1963 quando
894 1895 1042 1944 senum

152 1957 342 2007 millium
358 1959 530 2028 singulae
541 1959 743 2030 legioneS,
764 1973 808 2013 δε
823 1964 1042 2013 ducenum

153 2025 345 2074 militum
361 2027 515 2096 singuli
536 2030 747 2097 manipuli
759 2031 943 2080 fuerunt.
971 2034 1043 2080 Est

155 2113 258 2163 ergo
302 2095 495 2144 Friderici
527 2097 738 2167 Sylburgii
766 2098 1044 2149 hallucinatio

155 2181 248 2211 non
276 2161 518 2222 mediocris,
558 2171 635 2234 qui
660 2172 706 2213 in
732 2166 889 2225 indice,
909 2188 1045 2238 quern

157 2229 454 2280 Halicarnaffei
462 2232 575 2282 libris
585 2233 793 2283 historicis
803 2235 1042 2295 subnexuit,

153 2299 357 2362 praedifz‘as
371 2298 579 2369 sexaginta
607 2309 829 2361 centurias,
836 2307 913 2371 fix
926 2308 1046 2354 millia

159 2370 464 2432 interpretatur.
496 2374 548 2416 Et
572 2375 832 2439 Pompeium
861 2375 1044 2432 Festum,

161 2438 238 2500 qui
258 2439 494 2483 centuriam
524 2441 569 2484 in
593 2456 636 2484 re
656 2438 826 2488 militari
842 2442 919 2489 effe
947 2462 1047 2491 cen—

163 2516 259 2547 tum
268 2499 464 2550 homines
476 2510 725 2571 generatim,
739 2525 787 2555 ac
802 2508 924 2557 nullo
939 2528 1049 2559 tem—

160 2585 322 2634 porum
365 2568 601 2621 discrimine
637 2572 842 2641 assignato
875 2578 1047 2643 prodit,

152 2642 313 2684 mereri
352 2637 621 2707 negligentiae
648 2659 800 2689 notam
839 2644 1050 2713 insignem

155 2704 312 2768 procul
336 2704 470 2754 dubio
500 2707 644 2756 censor
665 2711 803 2758 bonus
829 2711 1047 2772 judicabit.

155 2774 330 2888 (ἳοηῐῦτι
358 2774 419 2832 (id
445 2780 563 2823 enim
584 2795 658 2844 per
686 2776 955 2830 occasionem
979 2783 1053 2832 ad-

314 2858 342 2888 o
356 2860 398 2896 L,
422 2848 454 2895 I.

1908 140 1947 192 9

1065 258 1211 288 notare
1237 260 1327 290 non
1343 260 1469 308 grave
1494 241 1559 298 sit)
1577 240 1836 288 Tribunatus
1864 242 1948 285 mi-

1063 306 1191 357 litum
1236 313 1425 358 austores
1465 328 1619 357 omnes
1669 313 1745 375 qui
1798 311 1947 356 Graece

1064 374 1323 443 scripserunt,
1376 387 1418 425 &
1461 378 1600 424 noster
1637 394 1742 421 cum
1785 379 1949 443 primis,

1065 466 1167 513 puta
1204 455 1250 497 in
1289 449 1462 505 Caesare,
1514 443 1803 513 χιλιαξχιάς,
1841 466 1949 516 qua-

1066 515 1096 563 si
1151 516 1277 573 dicas,
1321 517 1574 582 praefeii‘uras
1611 516 1861 571 millenarias,
1906 524 1950 562 &

1068 588 1287 636 Tribunos
1325 588 1517 637 militum
1557 583 1830 652 χιλιοίξχὸς,
1880 589 1955 634 du-

1068 674 1129 700 ces
1173 657 1404 702 millenarios
1452 654 1683 722 appellant,
1741 674 1851 723 quos
1893 673 1954 703 ta-

1068 739 1172 768 men
1199 720 1352 770 scimus
1380 741 1469 770 tam
1493 723 1608 771 fuisse
1638 721 1862 789 legionum
1878 723 1957 770 du-

1070 807 1151 845 ces,
1168 808 1303 857 quam
1336 795 1619 837 Centuriones
1634 791 1961 855 manipulorum

1071 875 1203 917 erant,
1229 867 1271 906 &
1291 855 1354 904 sex
1368 856 1502 923 vulgo
1531 861 1578 903 in
1598 875 1817 923 quamque
1832 856 1965 923 legio-

1073 944 1177 972 nem
1192 925 1311 974 datos
1324 924 1414 981 effe,
1427 923 1635 993 binosque
1651 931 1693 970 ὃς
1706 925 1829 970 binos
1844 930 1879 970 ei
1892 943 1966 990 per

1075 998 1186 1042 vices
1209 993 1492 1059 imperavisse:
1510 998 1568 1040 ita
1583 1009 1631 1039 ut
1656 1008 1817 1059 quanta
1830 1011 1969 1059 quan-

1075 1081 1118 1110 ta
1152 1061 1248 1110 esset
1280 1061 1409 1130 legio,
1448 1058 1763 1115 termillenaria,
1801 1077 1971 1128 quater—

1078 1128 1327 1187 millenaria,
1364 1134 1509 1177 minor
1545 1127 1612 1177 vel
1637 1126 1835 1193 amplior,
1873 1128 1972 1176 nul-

1079 1197 1123 1246 lo
1138 1217 1336 1267 unquam
1351 1215 1545 1264 tempore
1563 1196 1753 1244 Tribuni
1778 1194 1972 1244 militum

1081 1270 1305 1320 millenarii
1333 1269 1417 1318 sive
1457 1266 1725 1335 χιλίαρχοι,
1775 1267 1860 1317 hoc
1897 1271 1972 1327 est,

1083 1338 1264 1388 millenis
1280 1336 1486 1386 militibus
1509 1336 1695 1403 praefeeti
1708 1342 1884 1406 proprie
1908 1335 1976 1386 fu-

1083 1413 1205 1456 erint.
1278 1412 1428 1476 ltaque
1467 1405 1575 1454 fallit
1619 1410 1776 1466 noster,
1813 1403 1977 1474 alioqui

1084 1476 1236 1525 doctus
1255 1481 1321 1525 vir
1345 1486 1387 1524 &
1410 1473 1635 1531 facundus,
1654 1478 1874 1529 Amiotus,
1899 1478 1979 1541 qui

1083 1546 1235 1612 passim
1271 1542 1542 1610 χιλιαςχῖαν
1587 1551 1724 1602 vertit,
1778 1544 1981 1611 (exempli

1086 1613 1221 1661 caussa
1261 1617 1306 1661 in
1347 1631 1399 1659 eo
1436 1630 1572 1680 quem
1605 1612 1694 1662 dixi
1728 1613 1826 1662 loco
1867 1616 1981 1662 Vitae

1090 1678 1277 1737 Caesaris)
1308 1699 1360 1727 un
1384 1681 1482 1743 estat
1511 1681 1557 1726 de
1585 1685 1780 1745 Capitaine
1809 1681 1854 1726 de
1881 1683 1983 1729 mille

1089 1746 1251 1794 hommes
1284 1748 1329 1794 de
1347 1749 1451 1812 pied.
1509 1752 1729 1796 Caeterum
1758 1746 1852 1809 (nisi
1877 1767 1984 1796 con-

1089 1819 1259 1877 je6kurae
1293 1813 1497 1872 fallimur)
1535 1813 1735 1864 militares
1774 1814 1984 1878 ejusmodi

1091 1889 1370 1943 TribunatUS‚
1404 1885 1693 1953 χιλιαξχίοις,
1716 1891 1985 1949 Millenarias,

1092 1953 1269 2005 fortassis
1297 1965 1340 2004 δε
1368 1953 1573 2013 Ordines,
1625 1955 1710 2005 five
1738 1953 1985 2006 dimidiatos

1091 2030 1352 2095 manipulos,
1388 2023 1732 2094 ἑκατοιῖῖαξχίας,
1782 2033 1984 2077 centurias

1092 2101 1287 2146 Romani
1308 2104 1501 2164 primum
1517 2097 1852 2165 appellaverunt,
1869 2102 1988 2146 Grae—

1093 2182 1246 2215 corum
1286 2175 1329 2214 &
1377 2165 1693 2224 Macedonum,
1734 2176 1795 2223 &‚
1841 2165 1872 2213 fi
1911 2171 1984 2225 vis,

1095 2233 1309 2282 Persarum
1333 2235 1548 2302 exempIO,
1585 2240 1661 2304 qui
1689 2234 1777 2282 suas
1812 2233 1987 2301 phalan-

1095 2321 1165 2369 ges
1199 2308 1245 2350 in
1281 2321 1483 2352 centenos
1516 2304 1729 2359 homineS,
1768 2313 1811 2351 ὃς
1849 2299 1986 2348 mille-

1096 2389 1174 2418 nos
1210 2371 1532 2429 distribuebant,
1571 2391 1710 2440 eoque
1749 2371 1841 2417 istas
1874 2367 1988 2416 mili-

1095 2457 1190 2487 tum
1234 2459 1402 2498 manus,
1456 2442 1720 2497 ἑκατοςρίας,
1783 2435 1849 2485 vel
1887 2439 1986 2490 ἑκα-

1096 2507 1364 2578 τονἾαξχιάς,
1398 2514 1469 2562 has
1511 2507 1782 2578 χιλιαξχίας
1815 2513 1987 2575 proprie

1097 2601 1145 2630 ac
1163 2601 1260 2631 vere
1289 2581 1560 2648 usurpabant,
1598 2598 1645 2627 ut
1663 2598 1713 2626 ex
1740 2582 1803 2639 Q
1828 2581 1985 2624 Curtio

1099 2649 1171 2698 lib.
1196 2670 1238 2698 v.
1279 2649 1510 2698 Herodoto
1532 2647 1606 2695 lib.
1633 2664 1721 2695 v11.
1774 2644 1985 2711 Xenoph.

1099 2715 1174 2765 lib.
1206 2736 1274 2766 iv.
1324 2717 1540 2771 παιδείας,
1599 2724 1642 2763 δε
1678 2712 1766 2762 aliis
1805 2717 1989 2781 antiquis

1099 2784 1282 2833 historiae
1308 2789 1467 2833 Graecae
1493 2800 1623 2852 atque
1649 2780 1815 2832 Persicae
1843 2780 1995 2828 condi-

1205 2857 1248 2900 K
1262 2854 1292 2900 k
1307 2853 1337 2898 k
1895 2853 1997 2896 tori-
