2350 3192
491 136 628 192 IN
721 127 1705 191 PLUTARCHUM.

226 261 382 305 Centum
406 253 461 301 hae
470 255 574 319 sunt
602 253 815 302 drachma».-
848 249 998 316 qubdfi
1016 249 1082 295 de-

330 326 511 390 cerpseris
533 323 612 370 illis
645 358 653 363 =

232 401 441 459 Qattuor,
477 388 613 453 efficies
634 388 735 436 hanc
762 386 927 450 nestram
953 386 1084 446 (Itali-

329 467 441 516 cam)
472 460 631 522 denique
655 455 815 502 libram:

229 532 378 579 Attica
398 546 480 593 quae
489 525 581 588 fiet,
603 526 649 588 st
669 535 850 589 quartam
883 524 1084 590 dempseris

330 596 432 650 hinc,
468 595 593 647 Μνοῖ.

196 669 300 715 Hoc
332 667 410 709 ait:
470 659 501 709 fi
541 679 591 708 ex
633 675 811 708 centum
851 656 1079 716 drachmiS,

193 750 290 799 quae
342 733 517 778 Minam
578 746 741 777 novam
797 729 1080 784 constituunt,

195 797 417 865 dempseris
447 802 602 865 viginti
640 804 849 866 quinque,
881 814 1082 865 quartam

189 870 422 915 centenarii
440 871 609 914 numeri
638 883 819 931 partem,
842 864 1086 932 supererunt

193 933 455 1003 septuaginta
488 940 684 1004 quinque
721 931 952 991 drachmae,
989 953 1086 1003 quae

198 1007 327 1051 Mina
362 1021 481 1052 vetus
521 1002 630 1051 sunt.
714 1007 778 1050 Ita
818 1000 1000 1060 fastum,
1040 1020 1087 1051 ut

198 1076 328 1122 Mina
350 1089 470 1121 vetus
491 1091 614 1120 nova:
641 1071 946 1139 ἱσοδὶιύαμῶ*
976 1072 1087 1129 effer,

197 1141 235 1215 ιζ,
274 1141 533 1198 ἶσοςοίσιζῷν,
570 1159 661 1188 non
681 1139 970 1207 iffot'efflu&=
1005 1139 1088 1197 vel>

202 1227 251 1258 ut
273 1209 390 1257 idem
416 1209 535 1258 valor
565 1229 612 1258 ac
642 1209 813 1277 pondus
843 1209 940 1258 effet
963 1228 1090 1258 novae

198 1283 332 1327 minae
368 1296 411 1326 c.
453 1277 772 1335 drachmarum,
809 1276 933 1347 quod
971 1296 1093 1327 antea

199 1351 350 1394 veteris
387 1345 535 1405 fiaerat,
594 1365 736 1414 quum
785 1347 880 1396 esset
929 1364 1092 1397 LXXV.

202 1412 519 1464 drachmarum.

199 1480 415 1529 drachmae
457 1481 628 1548 pondus
675 1483 808 1531 solido
859 1482 1095 1551 quadrante

199 1553 503 1605 imminutum.
539 1554 644 1596 Hoc
670 1554 765 1596 artis
807 1553 1005 1616 Magistri
1031 1550 1096 1596 di-

206 1632 363 1670 cerent,
400 1616 454 1662 ad
478 1614 733 1663 drachmam
756 1635 944 1664 veterem
972 1618 1096 1665 Solo-

205 1688 307 1731 nina
330 1687 549 1749 epitriton,
585 1680 654 1730 vel
676 1682 966 1748 supertertiam
997 1701 1098 1750 pro-

205 1756 456 1819 portionem
479 1749 661 1799 habuit:
696 1748 849 1799 habuit
892 1761 936 1800 &
976 1757 1097 1800 mina

204 1821 413 1886 posterior
451 1818 505 1868 ad
552 1823 758 1886 priorem,
822 1818 854 1868 si
892 1839 1096 1870 numerus

205 1885 512 1936 drachmarum
550 1893 596 1936 in
641 1906 821 1958 utraque
859 1887 998 1937 solum
1034 1908 1098 1937 at-

203 1954 415 2004 tendatur.
498 1961 593 2019 Qi
624 1955 860 2005 Talentum
898 1959 1097 2008 Atticum

207 2024 365 2092 duplex
388 2022 565 2082 faciunt,
600 2042 719 2074 vetus
751 2034 795 2073 ὃς
818 2044 1004 2084 novum,
1045 2026 1098 2075 fi-

206 2112 260 2140 ve
278 2097 414 2153 majus
435 2103 479 2141 &
508 2098 669 2150 minus,
681 2099 740 2141 ita
761 2099 865 2142 utin
886 2093 993 2144 illud
1007 2099 1099 2144 Mi-

208 2179 282 2209 nas
305 2165 545 2230 ostoginta,
581 2168 626 2210 in
656 2161 742 2210 hoc
770 2161 985 2232 sexaginta
1014 2171 1098 2213 im-

208 2247 376 2297 putent,
411 2230 590 2279 eandem
612 2235 722 2278 inter
766 2250 1001 2301 utrumque
1035 2253 1099 2282 ra-

208 2303 373 2346 tionem
411 2297 497 2346 sive
536 2298 779 2367 analogiam
817 2303 1096 2351 constituunt.

210 2366 292 2414 Sed
319 2366 378 2413 est
414 2371 564 2434 ingens
597 2366 717 2434 super
744 2387 793 2416 ea
818 2368 989 2418 Talenti
1018 2373 1099 2419 At-

210 2439 284 2482 tici
313 2431 520 2482 divisione
548 2440 657 2482 inter
684 2437 865 2486 eruditos
890 2437 1098 2499 diffensus,

210 2507 289 2571 qui
316 2507 445 2550 etiam
485 2508 533 2552 in
566 2501 652 2551 dies
679 2503 772 2571 plus
796 2505 973 2576 plusque
1007 2508 1100 2576 glis-

212 2576 283 2619 cit.
321 2577 392 2619 De
419 2576 546 2620 Mina
603 2591 665 2620 uae
691 2591 786 2630 n03,
823 2572 970 2624 eadem
1001 2596 1100 2625 om-

208 2659 286 2690 nes
315 2639 481 2696 dicunt,
518 2592 600 2688 nisi
621 2638 746 2709 quod
775 2642 912 2690 Aldus
938 2648 1100 2693 Manu-

210 2713 311 2766 tius,
344 2706 457 2756 libro
481 2708 534 2757 de
559 2708 740 2778 quaefitis
763 2728 837 2776 per
859 2711 1097 2777 epistolam,

212 2794 442 2845 nunquam
496 2783 706 2828 variatum
760 2778 838 2827 effe
887 2785 936 2829 in
974 2785 1102 2831 Mina

280 2848 355 2893 vo
373 2863 413 2893 L.
450 2851 482 2894 Ι.

1932 151 2004 207 41

1131 242 1431 295 drachmarum
1464 265 1711 304 numerum,
1764 243 1833 293 sed
1875 263 2017 294 cente-

1131 331 1243 360 num
1265 313 1428 381 semper
1463 333 1559 362 eam
1576 315 1691 362 fuisse
1709 342 1720 374 ·,
1755 315 1886 383 idque
1907 320 2017 362 inter

1131 400 1283 431 omnes
1308 388 1538 431 convenire
1569 383 1773 432 affirmate
1812 383 2015 448 prodidit.

1131 454 1281 512 Qam
1320 450 1538 517 sapienter,
1574 450 1680 498 infer
1707 469 1758 499 ex
1782 449 2014 499 antedictis.

1133 522 1295 587 Neque
1325 518 1512 568 feliciore
1536 522 1757 567 Mercurio
1773 521 1876 566 Ant.
1902 525 2018 566 Hot-

1132 602 1365 637 tomannus
1391 587 1460 636 hic
1483 588 1580 642 α’ντὶ
1614 586 1893 654 {Cd‘oun'nozfla
1920 609 2018 647 τῶι-

1132 659 1202 714 ὤν,
1223 656 1505 723 ἑὲἂομήκοιῆα
1530 660 1639 711 δυοῖν
1664 656 1781 724 legit,
1819 676 1866 705 ut
1889 662 2019 703 nimis

1130 739 1316 788 apparet.

1203 795 1420 839 Caetetum
1503 794 1802 859 exscriptorem
1878 798 2025 861 potius

1134 875 1270 927 quam
1302 858 1580 907 Plutarchum
1606 862 1890 909 accusandum
1917 864 2023 918 dixi,

1135 933 1237 997 quia
1267 934 1461 995 comperi
1487 927 1727 996 proclivem
1753 929 1830 976 esse
1862 927 2026 996 lapsum

1135 1001 1195 1050 τὲ
1224 1001 1308 1045 ΟΕ
1342 1003 1388 1047 in
1426 1007 1526 1053 ΟΓ,
1551 999 1705 1066 quibus
1739 1002 1851 1045 notis
1882 998 2028 1046 Arith-

1137 1071 1301 1114 meticis
1326 1072 1521 1133 primum
1538 1085 1634 1114 eam
1658 1066 1711 1112 ab
1728 1071 1902 1114 auctore
1917 1066 2030 1116 suma

1138 1153 1260 1182 mam
1308 1136 1539 1202 expressam
1581 1134 1690 1183 mihi
1723 1134 1773 1183 fit
1812 1134 2026 1184 credibile.

1139 1202 1277 1267 Qod
1301 1209 1407 1252 item
1450 1210 1496 1252 in
1528 1202 1752 1253 vernacula
1783 1209 2032 1270 interpreta-

1141 1277 1260 1320 tione
1299 1272 1419 1321 locus
1453 1272 1523 1323 hic
1562 1279 1620 1322 ita
1659 1272 1882 1321 conversus
1927 1273 2031 1341 legi-

1142 1358 1232 1390 tur:
1270 1349 1371 1390 Ceux
1396 1348 1462 1408 qui
1498 1348 1661 1390 avoient
1697 1344 1724 1388 d
1755 1344 1892 1389 rendre
1910 1345 2031 1408 groffi’

608 1419 731 1463 Nam
771 1413 864 1484 lege
924 1413 1093 1464 Solonis
1130 1413 1275 1477 fhmme
1312 1412 1357 1459 de
1382 1413 1548 1468 deniers,
1582 1416 1768 1459 venoient
1798 1413 1824 1457 d
1844 1428 1964 1477 payer
1984 1431 2032 1458 en

1142 1480 1354 1542 estimation
1379 1485 1439 1535 ὠ·
1464 1482 1609 1528 evalem»
1640 1493 1784 1526 autam
1811 1499 1949 1526 comme
1983 1482 2034 1527 ils

1142 1548 1419 1601 devoient,&
1442 1564 1517 1592 non
1536 1563 1611 1610 pas
1638 1559 1783 1592 aurant
1808 1565 1855 1592 en
1882 1548 2033 1594 nombre

1145 1613 1190 1658 de
1210 1617 1364 1677 piecer:
1399 1631 1503 1662 cum
1528 1616 1679 1661 Graeca
1702 1618 1761 1660 ita
1787 1612 1914 1679 plane
1943 1635 2035 1663 ver-

1145 1678 1327 1728 tendum
1353 1679 1551 1736 doceant,
1589 1686 1776 1729 venoient
1797 1685 1825 1729 a*
1845 1699 1964 1750 payer
1986 1704 2035 1734 en

1145 1748 1294 1796 nombre
1318 1750 1364 1795 de
1386 1754 1515 1814 pieces
1538 1761 1684 1796 autam
1722 1769 1861 1798 comme
1888 1755 1939 1800 ils
1971 1758 2036 1802 de—

1144 1821 1297 1873 voient,
1335 1820 1396 1872 ᾤ’
1425 1836 1500 1865 non
1529 1834 1604 1883 pas
1634 1832 1778 1865 autam
1806 1820 1854 1866 en
1878 1825 2035 1884 vadem,

1145 1886 1239 1932 c'est
1264 1883 1290 1932 a
1317 1885 1406 1934 dire
1431 1905 1483 1934 en
1504 1885 1627 1952 poids
1657 1905 1716 1934 ou
1747 1890 1957 1956 quantite,
1973 1913 2035 1941 ou

1146 1952 1279 2002 bont&
1310 1954 1594 2024 intrinstque3
1631 1954 1738 2003 absit
1765 1954 1947 2025 eleganti
1973 1965 2033 2009 A-

1146 2027 1289 2071 mioto
1317 2023 1360 2072 id
1389 2029 1533 2091 potius
1561 2028 1883 2090 imputaverim,
1897 2047 2035 2096 quam

1145 2091 1320 2140 librariis
1348 2101 1392 2140 ὃς
1420 2091 1750 2159 impressoribus,
1787 2094 1944 2162 quibus
1974 2117 2037 2148 res

1146 2179 1249 2209 cum
1277 2160 1414 2209 verbis
1441 2166 1660 2218 invertere,
1683 2170 1727 2210 ὃς
1757 2161 1923 2211 summa
1939 2167 2036 2215 mis<

1146 2248 1238 2278 cere
1277 2234 1390 2287 imis,
1429 2228 1632 2279 familiare
1661 2231 1738 2278 effe
1775 2231 2034 2301 nimisquam

1147 2297 1281 2367 liquet
1310 2304 1615 2366 experimento.

1217 2365 1354 2430 Quod
1379 2386 1524 2417 autem
1553 2365 1613 2429 (id
1635 2372 1752 2415 enim
1786 2384 1861 2433 per
1878 2369 2037 2418 occasi-

1147 2454 1281 2485 onem
1308 2434 1527 2486 obiervare
1557 2440 1745 2503 pretium
1791 2453 1928 2502 operae
1964 2438 2032 2494 sit)

1147 2504 1433 2573 postmodum
1472 2511 1518 2554 in
1563 2502 1711 2551 eadem
1755 2509 1925 2571 pagina,
1959 2507 2037 2556 ista

1150 2572 1361 2624 Plutarchi
1391 2574 1443 2622 de
1476 2571 1658 2629 Solone,
1696 2572 1947 2647 Σεμνωύέξ)
1977 2570 2036 2641 33

1981 2643 1991 2658 s

1149 2649 1195 2700 ὃν
1229 2644 1392 2705 τέτοις,
1430 2643 1493 2694 ὅτι
1532 2641 1564 2695 73
1601 2662 1647 2693 τε
1679 2638 2035 2711 πξοϋποκειμῲης

1149 2719 1232 2781 ’γῆς
1253 2713 1352 2781 ὅςδς
1373 2712 1516 2764 aivam
1545 2707 1748 2777 πανἿαχῆ
1762 2710 2035 2778 πεπηγότας,

1147 2787 1193 2831 in
1219 2780 1330 2829 hanc
1354 2778 1606 2826 sententiam
1631 2775 1782 2827 extulit
1804 2781 2033 2828 Amiotus:

1330 2851 1374 2895 O
1398 2865 1426 2894 ο
1441 2864 1469 2894 O
1962 2856 2036 2894 Car
