2350 3192
330 152 401 208 16

322 269 444 318 Idem
468 267 521 315 de
537 271 691 332 primis
718 265 960 326 Qiritibus
997 271 1041 309 δέ
1070 278 1222 309 eorum

323 356 438 385 anno
460 336 533 383 lib.
560 353 629 382 111.

358 419 561 485 Menfibus
585 431 745 486 egerunt
774 417 893 481 Ifflra
919 418 1067 462 minora
1083 414 1220 459 decem.

324 508 471 552 Reue.
513 505 661 550 Lustra
685 505 802 550 enim
832 504 1010 568 antiqua
1034 503 1224 567 quinum

319 590 542 619 annorum
580 569 827 637 plenorum,
864 567 909 616 id
942 569 1015 629 est,
1061 565 1225 615 duode—

326 641 610 696 cimestrium,
646 636 833 686 fuerunt.
871 635 1077 702 Apuleius
1103 637 1228 702 Apo—

327 705 444 775 logia
472 727 553 776 pro
586 707 624 755 se
643 730 667 771 :-
703 715 842 755 Annos
882 719 1085 771 computet,
1133 724 1227 771 quos

328 794 411 824 LX.
438 780 586 825 mulieri
612 776 842 844 affignabat,
862 774 1001 840 probet
1031 792 1077 822 v.
1103 778 1163 830 ὠ
1182 792 1222 821 L,

327 847 468 910 Lustra
497 850 684 908 mentitus
711 843 778 908 cst,
817 844 862 892 id
894 845 952 891 est
980 847 1227 911 quinquen-

325 918 419 971 nio,
457 933 505 963 ut
542 930 679 982 patet.
726 917 875 962 ‚Hinc
923 909 1095 967 Gloss'ae,
1145 916 1228 956 Lu-

313 989 458 1053 strum,
509 982 788 1042 πειῆαετηρλς.
871 989 1008 1053 Igitur
1044 983 1227 1032 lustrum

327 1055 403 1103 sub
431 1056 644 1112 Romulo,
683 1054 768 1103 hoc
802 1056 875 1111 est,
911 1054 1093 1120 spatium
1130 1058 1228 1121 qui-

329 1142 441 1172 num
465 1143 699 1181 annorum,
738 1123 1060 1171 decimestrium
1082 1121 1230 1169 videli—

329 1210 412 1249 cet,
432 1192 550 1241 denis
579 1191 796 1241 mensibus
820 1192 967 1247 lustro,
985 1189 1072 1237 sive
1100 1195 1231 1259 quin—

328 1266 525 1329 quennio
552 1263 829 1329 Pompiliano
847 1263 991 1308 minus
1014 1258 1111 1307 fuit.
1126 1265 1231 1308 Pau-

326 1328 373 1378 lo
398 1333 497 1397 post
513 1353 526 1379 .-

361 1438 507 1480 Annas
533 1446 635 1487 erat,
656 1431 840 1478 decimum
868 1447 953 1477 cum
976 1433 1096 1476 Luna
1122 1446 1232 1475 rece-

474 1515 591 1564 perat
613 1500 738 1546 orbem
755 1521 766 1546 :

411 1572 492 1614 Hic
520 1585 698 1614 numerus
735 1584 874 1630 magno
899 1579 994 1612 tunc
1013 1568 1054 1610 in
1089 1565 1231 1610 honore

476 1678 479 1683 ,
500 1648 572 1681 uit.

366 1710 439 1751 Seu
465 1635 557 1768 guia
576 1716 637 1749 tot
658 1703 789 1767 digiti,
820 1715 893 1765 per
908 1719 1005 1766 quos
1026 1716 1229 1746 numerare

455 1771 643 1835 solemus,

404 1845 493 1905 [Seu
529 1843 621 1907 quia
660 1839 716 1887 bis
754 1841 869 1905 quino
900 1837 1067 1904 foemina
1107 1839 1231 1903 mense

461 1913 576 1975 parit
589 1933 603 1958 .-

363 1984 441 2027 Seu
465 1979 569 2045 quod
590 1980 645 2027 ad
668 1978 784 2045 usque
821 1976 947 2023 decem
970 1993 1125 2023 numero
1147 1993 1231 2021 cre-

466 2049 604 2112 scente
632 2051 812 2102 venitur,

408 2120 644 2182 Principium
654 2119 799 2182 spatiis
801 2117 975 2181 sumitur
995 2114 1083 2161 inde
1096 2117 1226 2160 novis.

364 2189 520 2234 Primus
554 2185 750 2252 oliviferis
775 2190 932 2230 Romam
967 2182 1153 2230 deduiius
1181 2181 1231 2228 ab

469 2272 588 2300 armis

410 2323 620 2388 Pompilius
643 2323 787 2387 menses
797 2323 922 2387 sensit
946 2321 1065 2386 abesse
1086 2320 1192 2367 duos.

404 2404 543 2471 Qod
580 2421 724 2454 autern
758 2408 816 2452 ait
867 2410 1010 2460 Poeta,
1049 2402 1232 2452 Romuli

334 2494 500 2529 annum
531 2493 636 2522 cum
669 2478 799 2534 Lunae
835 2471 1010 2520 decimo
1046 2472 1150 2520 orbe
1179 2470 1230 2519 fi-

332 2546 479 2594 misse:
513 2548 659 2592 innuit
691 2539 852 2589 menses
890 2546 979 2603 jam
1023 2539 1097 2588 sub
1136 2544 1230 2588 Ro-

331 2616 458 2663 mulo
486 2612 605 2661 fuisse
644 2616 841 2669 Lunares,
891 2608 974 2657 hoc
1014 2610 1087 2665 est,
1125 2626 1229 2655 cum

332 2688 463 2730 Lunae
492 2680 610 2729 cursu
637 2678 900 2729 convenisset
936 2676 1060 2747 quod
1080 2694 1225 2724 tamen

328 2768 427 2798 ante
467 2749 634 2797 videtur
676 2747 840 2816 negasse
870 2749 926 2794 T.
957 2750 1128 2802 Livius,
1180 2754 1224 2794 &

329 2819 581 2869 Macrobius
607 2836 738 2887 atque
764 2815 933 2866 Solinus
961 2814 1143 2884 expresse
1160 2819 1227 2863 in-

1264 1576 1368 1641 feft'i
1393 1578 1548 1626 laboris.

582 147 707 229 JO.
758 141 1134 202 RUALDI
1211 136 1879 197 ANIMADVERS.

1270 254 1333 304 fra
1357 256 1601 315 confutant,
1639 263 1768 307 etiam
1795 258 2056 321 Plutarchus,
2094 274 2164 316 c‘ui

1271 343 1493 393 propterea
1517 332 1709 376 Romani
1747 345 1902 376 veteres
1924 327 1956 381 73
1983 333 2165 399 α’νωμα-

1271 400 1374 457 λίας
1401 399 1620 469 ’ᾗζυομῦὶρης
1646 401 1740 455 aa&
1768 402 1858 454 τῖεν)
1883 403 2092 457 σελῖαἷίω
2130 411 2164 481 ιζ,

1270 473 1343 528 τᾶν
1369 474 1482 531 ἥλιον
1510 478 1659 529 ’ἔννοιαν
1684 476 1740 528 ἐκ
1767 474 1923 543 ‘angeriac
1951 476 2168 545 appellan-

1272 565 1352 596 tur.
1424 551 1592 597 Audiet
1616 547 1745 597 libelli
1776 548 1828 596 de
1857 553 1969 598 Viris
1997 549 2172 599 illustri-

1273 617 1366 673 bus,
1405 636 1540 686 quem
1574 616 1768 686 plerique
1804 616 1994 667 Plinium
2017 626 2170 690 Junio-

1272 704 1362 733 rem
1390 692 1637 742 nominant,
1691 704 1783 752 cap.
1821 705 1889 734 111.
1945 694 2107 736 Annum
2128 695 2171 738 in

1274 771 1366 802 XII.
1413 757 1557 820 menfi’s
1590 760 1724 801 Numa
1772 755 1978 818 distribuit,
2024 754 2171 807 additis

1272 822 1476 885 Januario
1507 827 1567 879 &³
1593 823 1812 872 Februario.
1854 830 1907 872 C.
1927 825 2064 896 Julius
2093 832 2170 876 So-

1271 890 1383 938 linus
1414 890 1770 940 Memorabilium
1794 911 1887 960 cap.
1917 912 1968 942 11.
2007 900 2172 944 Romani

1271 962 1312 1005 in
1336 964 1448 1008 initio
1472 980 1593 1008 annos
1615 963 1742 1009 decem
1770 963 1954 1026 mensibus
1977 978 2173 1028 computa-

1273 1045 1424 1076 verunt
1463 1049 1488 1076 a
1515 1034 1676 1077 Martio
1711 1033 1968 1096 auspicantes,
2004 1033 2098 1080 adeo
2125 1048 2171 1081 ut

1274 1102 1358 1161 ejus
1379 1099 1439 1145 die
1459 1103 1589 1163 prima
1617 1099 1663 1145 de
1692 1103 1775 1144 aris
1821 1099 2030 1161 Vestalibus
2062 1104 2177 1168 ignes'

1275 1167 1555 1223 accenderent,
1593 1181 1793 1214 mutarent
1830 1168 2032 1216 veteribus
2068 1174 2173 1218 viri-⁴

1275 1234 1342 1281 des
1370 1237 1541 1292 laureas,
1566 1242 1734 1283 Senatus
1758 1238 1995 1303 Populusque
2016 1243 2172 1288 comitia

1275 1319 1451 1370 agerent,
1483 1318 1668 1351 matrona
1682 1308 1822 1372 servis
1839 1308 1929 1372 suis
1956 1326 2083 1354 coenas
2103 1323 2174 1374 po—

1275 1387 1424 1430 nerent,
1449 1374 1574 1437 stcuti
1605 1373 1881 1421 Saturnalibus
1904 1375 2046 1422 domini
2053 1396 2067 1422 :
2099 1378 2175 1424 illae

1276 1454 1321 1486 ut
1343 1441 1481 1490 honore
1497 1447 1713 1508 promptius
1739 1444 1953 1509 obsequium
1972 1460 2174 1508 provoca-

1277 1525 1366 1556 rent
1380 1533 1393 1558 .-
1429 1512 1469 1558 hi
1490 1512 1602 1574 quasi
1618 1516 1793 1576 gratiam
1817 1513 2066 1577 repensarent
2079 1517 2173 1578 per—¹

1622 1581 1745 1624 Nam
1768 1577 1908 1626 mense
1922 1582 2171 1638 Decembri,

1276 1649 1353 1710 qui
1380 1643 1558 1692 finiebat
1583 1662 1765 1703 annum,
1802 1644 2033 1695 Saturnalia
2068 1646 2175 1697 cele-

1277 1709 1524 1767 brabantur,
1563 1728 1611 1759 ut
1636 1731 1795 1761 notum
1815 1715 1886 1762 est.
1935 1717 2032 1763 Post
2053 1716 2173 1767 idem

1276 1783 1454 1828 aucstor:
1490 1786 1594 1828 Tunc
1633 1786 1731 1830 enim
1771 1782 1836 1847 iste
1877 1802 2056 1833 numerus
2098 1798 2169 1848 (x.

1275 1848 1508 1905 mensium)
1535 1851 1712 1915 explebat
1740 1869 1899 1909 annum,
1937 1857 1997 1900 ita
2038 1869 2085 1902 ut
2094 1858 2172 1922 sex

1275 1922 1417 1984 menses
1453 1923 1645 1967 tricenum
1669 1921 1815 1968 dierum
1841 1922 1971 1987 effi’nt,
2006 1939 2175 1989 quatuor

1274 1989 1413 2053 reliqui
1433 1991 1666 2044 tricenis&
1677 1990 1846 2055 singulis
1872 1991 2170 2056 explicarentur.

1278 2058 1356 2103 Sed
1375 2063 1555 2123 quoniam
1588 2060 1692 2105 ratio
1724 2059 1794 2106 illa
1832 2073 1924 2106 ante
1950 2064 2122 2107 Numam
2145 2081 2172 2109 a

1276 2129 1399 2172 Lunae
1433 2129 1547 2192 cursu
1575 2127 1831 2192 discrepabat,
1867 2128 1998 2174 lunari
2022 2145 2172 2195 compu-

1275 2198 1424 2242 tatione
1457 2213 1600 2242 annum
1637 2209 1927 2260 peraequarunt‚
1982 2201 2172 2263 quinqua—

1271 2266 1389 2329 ginta
1409 2267 1470 2318 &
1499 2282 1573 2311 uno
1597 2264 1657 2309 die
1679 2264 1855 2327 adjeiiis.
1937 2268 2171 2314 Gramma-

1278 2336 1349 2379 tici
1371 2329 1550 2400 quidam
1573 2330 1692 2397 apud
1712 2329 1908 2379 Gellium
1922 2330 1997 2380 lib.
2025 2351 2098 2382 111.
2130 2355 2170 2384 c.

1278 2418 1387 2448 XVI.
1423 2403 1583 2447 Homeri
1606 2413 1736 2456 aetate,
1760 2401 1870 2464 ficut
1898 2404 2061 2459 Romuli,
2098 2422 2170 2451 an-

1275 2488 1364 2515 num
1388 2470 1505 2535 fuisse
1542 2486 1618 2515 non
1656 2485 1737 2516 ΧΠ.
1782 2470 1973 2534 mensium,
2010 2473 2090 2536 sed
2113 2490 2164 2520 x.

1273 2535 1542 2602 respondent.
1581 2536 1833 2586 Macrobius
1854 2543 1984 2604 primi
1998 2544 2163 2592 Satura.

1274 2623 1366 2671 cap.
1405 2624 1497 2654 ΧΠ.
1546 2611 1640 2653 Non
1677 2610 1801 2672 igitur
1831 2611 1981 2664 mirum,
2016 2613 2057 2654 in
2093 2609 2166 2654 hac

1272 2680 1475 2722 varietate
1498 2681 1688 2721 Romanos
1713 2677 1801 2722 olim
1833 2676 1988 2722 auttore
2009 2677 2166 2723 Romulo

1272 2762 1415 2791 annum
1432 2746 1550 2810 suum
1576 2760 1627 2791 X.
1657 2741 1820 2807 habuiffi’
1856 2743 2038 2806 mensibus
2062 2745 2167 2792 ordi—

1271 2827 1420 2870 natum,
1451 2817 1524 2880 qui
1548 2831 1674 2861 annus
1702 2812 1907 2876 incipiebat
1933 2828 1961 2857 a
1988 2816 2164 2869 Martio,

2110 2899 2170 2936 C&
