2350 3192
629 136 795 202 DE
887 131 1802 199 PLUTARCH-o.

296 268 672 345 objicientibus
710 265 1135 344 superstitionem
1165 274 1220 326 δε
1248 262 1455 340 frigidas
1481 264 1773 340 allegorias)
1813 284 1945 325 cum
1983 270 2145 349 longe

297 364 446 438 plura
486 364 690 417 niteant
719 363 772 415 in
816 356 1084 413 Plutarchi
1122 353 1342 432 scriptis,
1393 374 1557 411 nemo
1584 354 1734 414 sanus
1772 357 1896 416 ideo
1929 362 2142 438 negabit

297 472 426 510 eum
470 451 702 508 ledbione
740 448 840 505 esse
878 446 1256 524 digniffimum.
1330 449 1601 532 *Tan-tum
1627 468 1870 527 optarem
1897 471 1958 509 ut
1997 455 2145 532 plura

299 565 364 601 ex
402 544 657 622 praeclaris
697 541 805 613 ejus
859 540 1227 596 monumentis
1270 536 1546 615 separatim
1589 558 1828 600 extarent
1865 544 2051 602 excusa
2091 550 2145 602 in

291 637 574 716 Juvenum
629 629 780 696 υἷας,
832 651 1005 708 neque
1049 631 1396 688 voluminum
1448 632 1816 706 magnitudine
1856 635 2034 702 fieret,
2087 654 2150 694 ut

304 727 511 784 Scholis
539 724 796 781 omnibus
842 734 898 786 &
925 724 1202 805 Juvenum
1230 721 1334 778 fere
1375 720 1578 778 Museis
1608 724 1788 781 exulet
1816 726 2147 793 Plutarchus,

299 816 415 874 solo
455 816 638 873 libello
680 814 749 873 de
789 834 1080 893 puerorum
1124 814 1480 877 institutione,
1529 823 1586 874 &
1626 814 1791 870 altero
1832 815 1901 872 de
1941 817 2150 876 audien-

301 908 381 966 dis
423 911 594 986 poetis
633 905 839 964 fortaffe
885 901 1141 984 plerisque
1183 904 1325 970 vis0,
1387 907 1481 982 qui
1521 923 1723 980 magno
1780 925 1911 964 cum
1968 908 2147 967 fructu

301 999 446 1057 haud
469 998 634 1056 dubie
659 1000 972 1055 evolverent
1011 997 1174 1053 libros
1201 999 1312 1072 ejus
1340 994 1620 1074 plerosque
1644 998 1789 1063 alios,
1828 998 2025 1076 quibus
2065 1002 2150 1056 vel

300 1090 634 1149 saluberrima
671 1093 794 1147 vitae
836 1107 1117 1167 praecepta,
1165 1089 1252 1145 vel
1289 1089 1460 1145 multa
1499 1091 1590 1145 alia
1628 1087 1760 1146 scitu
1799 1089 1959 1163 digna
1987 1095 2071 1157 (ut
2097 1093 2150 1149 in

302 1183 443 1240 Vitis
472 1192 529 1244 &
553 1181 695 1238 libris
727 1180 795 1237 de
822 1181 1021 1258 placitis
1062 1178 1538 1254 Philosophorum)
1579 1182 1940 1236 continentur.

396 1272 600 1330 Obiisse
625 1273 838 1329 videtur
854 1269 1166 1327 Plutarchus
1205 1288 1349 1324 anno
1377 1285 1572 1343 quarto
1583 1269 1666 1323 vel
1681 1272 1877 1344 quinto
1893 1271 2151 1331 Hadriani

303 1367 444 1442 Imp.
476 1367 613 1420 circa
642 1363 705 1420 A.
726 1364 791 1420 C.
832 1383 852 1416 1
871 1383 957 1418 20.
987 1379 1117 1416 cum
1145 1376 1300 1415 natus
1328 1356 1452 1414 eflet
1469 1361 1606 1414 circa
1633 1357 1911 1418 decimum
1939 1363 2152 1422 Claudii

303 1458 444 1533 Imp.
487 1473 720 1516 annum,
779 1455 872 1528 qui
924 1448 1209 1528 respondet
1264 1469 1408 1506 anno
1451 1449 1650 1507 Christi
1689 1454 2150 1530 quinquagesimo

305 1549 503 1603 Romae
538 1563 700 1602 notus
730 1542 830 1600 effe
869 1544 1028 1620 caepit
1054 1538 1376 1618 Vespafiano
1417 1544 1730 1618 imperante,
1781 1564 1909 1601 cum
1941 1539 2154 1623 publice

305 1636 686 1694 differtationes
727 1633 839 1692 suas
866 1637 1138 1698 recitaret,
1168 1632 1377 1690 summa
1410 1651 1591 1689 autem
1632 1644 1687 1696 δε
1724 1636 1957 1711 perfed‘ta
1983 1643 2155 1696 nomi-

307 1732 387 1786 nis
417 1728 719 1786 celebritate
745 1725 1014 1783 fruebatur
1053 1743 1174 1781 tum
1215 1723 1442 1781 demum
1480 1723 1577 1781 sub
1607 1726 1879 1797 ‘TrajanO,
1928 1748 2058 1786 cum
2103 1733 2158 1788 il-

307 1821 469 1878 lustre
497 1839 635 1897 opus
663 1821 916 1877 Vitarum
957 1817 1320 1874 Parallelarum
1353 1819 1406 1872 in
1445 1837 1635 1874 manus
1672 1817 1960 1877 hominum
2002 1821 2156 1879 tradi-

310 1911 404 1969 dit.
503 1911 618 1969 Sub
658 1909 802 1967 idem
835 1927 1050 1986 tempus
1093 1927 1223 1964 cum
1260 1908 1549 1964 Plutarcho
1588 1908 1885 1968 floruerunt
1928 1915 1982 1968 in
2010 1915 2158 1971 Italia

311 2005 522 2081 plurimi
548 2002 686 2059 fama
726 2002 947 2057 illustres
974 2000 1271 2075 scriptores,
1321 1997 1586 2054 Asconius
1614 2001 1894 2065 Pedianus,
1945 2004 2159 2062 Cornu-

313 2112 420 2159 tus,
453 2093 673 2158 PersmS,
709 2095 975 2154 Lucanu8‚
1009 2090 1226 2153 Seneca,
1272 2088 1424 2144 Silius
1467 2090 1697 2154 Italicus,
1748 2092 1985 2150 Valerius
2014 2095 2159 2153 Flac-

315 2206 429 2250 cus,
481 2187 679 2242 Plinius
699 2184 913 2266 Junior,
967 2182 1198 2244 Solinus,
1250 2180 1523 2244 MartialiS,
1575 2183 1954 2260 QintilianuS,
1996 2187 2159 2268 Juve-

319 2278 465 2341 naliS,
514 2278 714 2353 aliique.
812 2271 1092 2352 Qorsum
1132 2291 1262 2329 vero
1294 2270 1437 2348 apud
1465 2272 1566 2328 hos
1615 2293 1805 2331 omnes
1852 2275 1920 2333 de
1960 2278 2160 2337 Plutar-

321 2367 429 2424 cho
469 2385 584 2424 tam
625 2368 795 2423 altum
828 2366 1130 2422 filentium?
1194 2364 1282 2420 An
1323 2363 1431 2419 hoc
1477 2365 1864 2424 malevolentiae
1909 2377 1965 2430 &
2004 2370 2158 2428 livori

323 2457 709 2516 tribuendum?
762 2459 922 2534 AEgre
963 2475 1158 2534 nempe
1200 2456 1436 2512 tulerunt
1463 2457 1550 2520 illi,
1601 2456 1753 2533 quod
1793 2461 1872 2515 vir
1904 2476 2060 2519 tanto
2086 2466 2160 2518 in-

325 2554 484 2626 genio
509 2547 758 2629 praeditus
785 2569 849 2605 ex
875 2547 1100 2625 ignobili
1127 2548 1228 2604 isto
1246 2549 1476 2604 Boeotiae
1503 2549 1685 2605 viculo
1712 2550 2010 2609 Chaeronea
2040 2571 2162 2629 pro-

322 2640 472 2698 diret.
569 2644 720 2720 Quin
751 2643 928 2717 potius
955 2639 1061 2696 hoc
1088 2638 1225 2697 casui
1267 2637 1480 2696 cuidam
1502 2640 1880 2717 imputandum
1907 2643 2003 2707 est,
2031 2664 2160 2703 cum

325 2741 383 2796 δε
423 2735 527 2793 aliis
566 2730 856 2811 insignibus
886 2731 1242 2812 Scriptoribus
1282 2730 1428 2790 idem
1454 2736 1758 2810 contigerit,
1807 2750 1869 2790 ut
1897 2734 2107 2793 nullum
2135 2758 2164 2794 a

2037 2848 2164 2885 COH-
